2920 3576
384 502 575 549 omnium
607 506 653 546 et
674 503 896 546 hominum
921 505 971 544 et.
997 512 1145 548 rerum
1173 499 1401 555 arbitrum,
1430 500 1659 555 sedvitio-
1684 500 1821 551 vertit
1850 499 2167 557 semanima,
2196 503 2312 560 quod
2342 516 2403 550 ex
2432 505 2516 549 hoc

385 591 487 636 luae
534 594 716 649 gentem
765 593 919 641 ortam,
968 593 1104 646 atque
1150 590 1199 632 in
1235 601 1290 634 eo
1329 588 1407 634 vel
1443 589 1542 634 solo
1582 589 1659 633 vel
1693 587 1897 645 inprimis
1922 569 2131 637 hahitare.
2157 593 2314 646 putent
2343 592 2515 650 Deum3

386 682 550 724 intacta
578 683 723 723 restat
749 679 983 735 appositio,
1016 678 1123 733 „qui
1153 678 1284 722 Deus
1314 684 1386 723 est
1414 679 1606 723 omnium
1641 677 1904 734 regnator,“
1940 678 2046 724 sive.
2080 690 2141 723 ex
2178 685 2331 727 mente
2366 682 2522 728 Taciti

387 767 633 824 deductam,
663 768 766 814 sive
794 767 1045 826 opinionem
1076 764 1347 812 Semnonum
1377 766 1560 812 relatam
1591 777 1767 810 censes.
1828 766 1928 811 Non
1958 767 2006 811 in
2034 766 2112 812 illo
2142 766 2243 815 luce
2273 773 2347 815 est
2371 769 2518 827 Dein,

387 857 579 904 omnium
610 862 848 918 regnator,
886 855 972 902 sed
1005 855 1168 914 ubique
1207 883 1259 890 ss-
1300 869 1416 916 quae
1456 855 1708 915 posteriora
1741 855 1886 902 verba,
1910 869 1999 902 non
2027 856 2184 916 adjicit
2212 857 2411 917 quidem„
2435 860 2517 907 sed

387 944 632 1002 cogitanda
661 950 708 993 et
737 944 995 1003 supplenda
1016 944 1240 1002 relinquit.

498 1035 711 1080 Praestat
738 1035 866 1079 locus
894 1037 942 1080 in
972 1035 1129 1081 eodem
1159 1031 1214 1079 de
1246 1033 1486 1079 Germania
1515 1033 1628 1078 libro
1658 1045 1754 1091 cap.
1785 1035 1857 1086 34.
1896 1036 1972 1080 ubi
1998 1035 2162 1084 famam
2190 1044 2513 1092 commemorat,

386 1123 599 1169 Herculis
643 1123 874 1170 columnas
919 1125 967 1168 in
1003 1122 1208 1178 Oceano,
1249 1123 1495 1167 Frisiorum
1539 1127 1685 1168 terras
1729 1121 1950 1178 alluente,
1999 1137 2268 1182 superesse,
2316 1125 2363 1170 id
2399 1126 2515 1183 quod

385 1211 566 1257 Drusus
603 1224 735 1269 quum
772 1212 939 1257 frustra
970 1211 1197 1270 inquirere
1234 1212 1482 1269 coepisset,
1521 1210 1698 1258 tandem
1736 1211 1904 1257 omisit:
1942 1211 2338 1273 „Sanctiusque“,
2376 1215 2523 1273 inquit

384 1301 585 1356 Tacitus,
622 1312 708 1356 „ac
745 1301 1029 1348 reverentius
1064 1301 1234 1355 visum,
1281 1299 1336 1344 de
1365 1301 1482 1345 actis
1513 1300 1709 1345 Deorum
1741 1299 1970 1344 credere
2001 1315 2130 1360 qnam
2160 1302 2404 1358 scire.“¹)
2462 1302 2517 1347 ln

386 1390 456 1433 his
494 1389 648 1435 verbis
687 1388 918 1434 credere
961 1392 1007 1432 et
1041 1389 1189 1433 scire
1228 1389 1348 1433 inest
1383 1391 1527 1443 notio,
1567 1401 1681 1444 quae
1723 1393 1770 1432 et
1797 1401 1945 1447 sagax
1974 1395 2022 1434 et
2048 1395 2223 1436 acutum
2254 1396 2301 1436 et
2319 1392 2516 1445 ,sublime

386 1479 531 1522 Taciti
567 1479 795 1539 ingenium
833 1478 987 1537 prodit,
1014 1480 1204 1534 ejusque
1241 1480 1461 1522 sinceram
1500 1484 1545 1521 et
1580 1478 1738 1532 altam,
1775 1491 1904 1534 quam
1940 1478 1996 1522 de
2035 1479 2137 1523 Deo
2173 1480 2262 1522 sibi
2307 1480 2515 1535 finxerat,

385 1568 530 1612 ideam
568 1568 738 1625 probat.
799 1567 990 1623 Altiora,
1023 1580 1187 1612 sensus
1225 1572 1296 1611 est
1333 1567 1506 1612 illorum
1548 1568 1807 1622 verborum,
1848 1573 1952 1613 sunt
1982 1569 2180 1613 Deorum
2209 1574 2324 1623 acta,
2354 1583 2514 1624 nexus,

385 1657 545 1711 quibus
581 1657 701 1700 inter
736 1668 788 1699 se
826 1656 1088 1710 cohaerent,
1128 1668 1340 1710 caussae,
1380 1656 1497 1699 unde
1538 1656 1742 1705 derivata
1780 1662 1899 1712 sunt,
1935 1658 2080 1726 magis
2109 1661 2213 1701 suut
2242 1660 2513 1716 compositae

383 1750 518 1800 atque
564 1744 829 1802 implicitae,
880 1757 1007 1800 quam
1053 1757 1164 1800 quas
1209 1745 1336 1789 homo
1380 1757 1535 1789 omnes
1578 1757 1841 1791 enumerare
1877 1749 2013 1802 atque
2050 1745 2309 1803 perspicere
2349 1748 2515 1803 possit3

385 1832 701 1892 comprehendi
729 1846 819 1878 non
847 1838 1036 1891 possunt
1064 1833 1262 1878 Deorum
1291 1833 1424 1878 facta.
1464 1832 1554 1878 Vel
1583 1834 1624 1879 si
1652 1845 1813 1895 negas,
1844 1833 2046 1879 Tacitum
2075 1833 2147 1879 his
2177 1835 2333 1892 paucis
2361 1836 2516 1881 verbis

386 1928 471 1967 tam
517 1922 654 1967 multa
697 1927 872 1978 tamque
916 1923 1080 1979 ¹<gravia
1129 1923 1360 1969 enuntiare
1398 1922 1614 1978 voluisse,
1646 1925 1932 1980 (quamquam
1969 1920 2013 1966 id
2052 1922 2364 1968 consuetudini
2402 1927 2517 1981 ejus,

383 2024 472 2069 qua
507 2011 790 2068 paucissimis
827 2013 981 2056 verbis
1020 2024 1147 2067 quam
1186 2010 1374 2068 plurima
1404 2011 1627 2066 exprimit,
1657 2010 1841 2054 mirifice
1871 2009 2120 2066 convenit),
2150 2010 2195 2062 id
2225 2016 2350 2056 certe
2379 2014 2426 2056 in
2457 2015 2513 2057 iis

384 2102 526 2143 inest:
566 2098 781 2142 Sanctius
817 2113 871 2146 ac
908 2101 1191 2150 reverentius
1229 2103 1322 2153 est,
1363 2100 1404 2145 h.
1448 2113 1487 2142 e.
1529 2100 1706 2154 pietati,
1736 2112 1863 2153 quam
1903 2100 1950 2141 in
1987 2099 2114 2143 Deos
2154 2100 2321 2144 habere
2358 2106 2404 2144 et
2441 2103 2513 2144 ob-

383 2167 629 2239 edientiae,
667 2200 796 2240 quam
832 2188 890 2229 iis
930 2192 1161 2243 praestare
1200 2186 1434 2239 debemuS‚
1475 2187 1754 2238 convenit,²)
1794 2188 1833 2227 si
1873 2185 1939 2239 id,
1980 2186 2095 2241 quod
2125 2189 2280 2245 egisse
2311 2185 2515 2232 dicuntur

382 2276 483 2329 Dii,
522 2277 653 2319 etiam
690 2276 745 2318 ab
787 2276 845 2317 iis
882 2280 1028 2319 actum
1063 2287 1171 2319 esse
1208 2287 1432 2318 sumamus
1471 2280 1517 2316 et
1554 2286 1723 2317 omnem
1755 2273 1810 2316 de
1841 2274 2013 2317 ratione
2042 2274 2272 2327 sactorum,
2305 2275 2380 2320 vel
2409 2288 2511 2338 quo-

384 2365 509 2409 modo
557 2365 654 2409 fieri
693 2365 936 2421 potuerint,
986 2364 1291 2420 quaestionem
1330 2363 1548 2408 tollamus.
1608 2362 1765 2419 Itaque
1804 2362 1973 2415 officio,
2024 2362 2138 2417 quod
2176 2362 2257 2406 tibi
2294 2369 2366 2408 est
2402 2377 2513 2424 erga

388 2454 524 2503 DeoS,
562 2456 727 2510 optime
764 2454 1015 2507 satisfacis,
1055 2453 1353 2499 reverentiam
1393 2453 1615 2514 profiteris
1651 2465 1738 2496 non
1778 2453 1985 2506 scientia,
2027 2464 2140 2508 quae
2170 2449 2226 2494 ad
2256 2439 2514 2568 hu'mmas

510 2679 561 2728 1)
594 2675 788 2724 Apposite
824 2679 981 2716 Seneca
1014 2688 1077 2725 ep.
1115 2678 1182 2717 95.
1218 2688 1256 2725 p·
1286 2679 1385 2723 370.
1417 2678 1530 2727 (opp.
1562 2679 1610 2715 ed
1641 2680 1815 2716 Gronov.
1850 2678 1980 2726 Lugd.
2013 2677 2138 2716 1649.
2170 2677 2238 2714 18.
2269 2678 2382 2717 Tom.
2412 2679 2513 2727 11.)=

381 2744 570 2796 ²,Primus
617 2750 681 2782 est
726 2744 901 2783 Deorum
939 2747 1096 2797 cultus,
1148 2745 1260 2792 Deos
1307 2746 1532 2793 credere,
1569 2741 1711 2787 deinde
1749 2747 1916 2784 reddere
1961 2742 2049 2786 iuis
2090 2739 2343 2789 majestatem
2385 2755 2511 2795 suam,

382 2813 546 2855 reddere
576 2808 807 2859 bonitatem,
841 2808 927 2847 sine
958 2822 1036 2859 qua
1065 2812 1178 2849 nulla
1207 2809 1402 2857 majestas
1434 2815 1508 2848 est.
1569 2809 1699 2861 Scire,
1730 2810 1824 2849 illos
1853 2822 1962 2859 esse,
1994 2807 2063 2856 qui
2094 2807 2324 2856 praesident
2352 2813 2509 2859 mundo,

380 2876 450 2930 qui
489 2876 680 2919 universa
717 2874 758 2924 vti
796 2887 874 2915 sua
910 2881 1150 2929 temperant,
1189 2875 1258 2926 qui
1293 2875 1453 2916 humani
1483 2874 1651 2927 generis
1681 2878 1846 2925 tutelam
1874 2880 2040 2927 gerunt,
2080 2874 2329 2920 interdum
2360 2874 2511 2917 curiosi

381 2943 680 2994 singulorum.“
710 2964 768 2974 -·-

493 3024 544 3072 2)
575 3021 661 3061 Cic.
699 3024 747 3058 de
779 3026 921 3058 natura
951 3020 1129 3059 Deorum
1160 3018 1228 3057 lib.
1262 3022 1293 3059 1.
1326 3031 1362 3057 c.
1394 3023 1461 3060 41.
1502 3022 1627 3069 [opp.
1660 3023 1721 3059 ed.
1753 3019 1933 3057 Orellius
1965 3020 2044 3056 vol.
2078 3020 2150 3055 lv.
2184 3021 2224 3057 Ρ.
2258 3021 2338 3069 ΙΙ.)
2403 3023 2510 3070 „Est

380 3087 509 3138 pietas
536 3086 696 3137 justitia
727 3089 923 3127 adversus
957 3086 1092 3135 Deos;
1126 3085 1321 3129 sanctitas
1352 3092 1480 3131 autem
1514 3086 1687 3132 scientia
1718 3092 1779 3126 est
1812 3086 2066 3130 colendorum
2098 3084 2317 3129 Deorum.4‘
