2920 3576
1427 223 1508 267 14

404 395 469 440 Et
497 391 664 437 Anml.
696 390 827 444 XIV,
857 391 900 443 6,
930 389 978 431 in
1005 385 1300 433 describendo
1329 386 1529 440 crimine,
1559 398 1647 443 quo
1676 390 1822 445 maJus
1850 401 1905 435 ae
1934 390 2134 435 deterius
2161 392 2354 450 cogitari
2390 398 2536 451 potest

403 484 574 528 nullum
611 486 657 524 et
691 479 746 522 ad
782 477 899 533 quod
934 476 1051 520 infra
1090 476 1314 520 rediturus
1351 488 1471 529 sum,
1522 474 1604 527 (de
1641 476 1782 520 caede
1820 480 1973 523 metris
2009 478 2214 523 Neronis·
2239 493 2387 525 sermo
2424 484 2532 534 est),

406 571 684 632 Agrippina,
720 571 901 627 praeter
934 577 1060 622 spem
1096 571 1143 611 et
1179 565 1564 623 exspectationem
1600 565 1680 609 filii
1717 565 1848 610 salva
1884 570 1932 609 et
1966 569 2171 612 immunis
2205 582 2265 613 ex
2294 571 2536 614 artificioso

408 658 641 717 naufragio
678 659 878 711 servata,
912 654 1084 699 Neroni
1121 653 1402 700 referendum
1432 654 1636 700 curabat:
1673 654 2045 713 Benignit·ate
2083 656 2255 702 Deum
2284 662 2332 702 et
2358 658 2533 704 fortuna

410 752 510 807 eJus
539 746 745 791 evasisse
774 757 962 804 gravem
992 744 1189 789 casm.“
1249 743 1345 789 Sed
1381 744 1482 801 ipse
1517 745 1690 799 sentio,
1727 744 1853 788 loces
1888 745 2109 800 ejusmodi
2143 759 2234 791 non
2267 749 2425 808 magni
2448 762 2535 793 me·

409 838 545 884 menti
573 848 696 890 csse,
726 845 863 893 quare
893 834 939 876 in
967 834 1025 878 iis
1052 833 1347 878 recensendis
1374 846 1464 878 non
1494 833 1659 878 diutius
1687 832 1963 889 immorabor,
1993 833 2111 878 binis
2140 839 2307 881 tantum
2327 835 2535 894 adjectis,

408 939 592 986 quorum
621 925 740 981 prior
770 927 843 966 est
870 923 1022 966 Annal
1051 922 1189 973 XIII,
1218 925 1295 966 5⁷:
1325 922 1469 979 „Inde
1499 922 1856 981 indulgentia
1879 922 2157 968 Nominum
2182 924 2262 968 illo
2285 926 2333 968 in
2354 923 2532 981 amne¹)

408 1019 589 1074 illisque
617 1014 750 1056 silvis
780 1013 920 1056 salem
950 1014 1246 1069 provenire“;
1277 1017 1323 1055 et
1350 1013 1571 1069 posterior
1601 1013 1689 1054 An.
1718 1012 1819 1065 XV,
1848 1012 1927 1055 34:
1958 1011 2091 1067 „Illic
2133 1013 2368 1070 (Neapoli)
2404 1013 2535 1070 pleri·

410 1117 513 1162 que,
551 1107 600 1146 ut
628 1102 910 1154 arbitrantur,
941 1103 1091 1156 triste,
1123 1107 1171 1145 ut
1199 1103 1298 1158 ipse
1327 1100 1511 1157 (Nero),
1551 1100 1780 1159 providum
1811 1104 1957 1158 potius
1986 1106 2031 1144 et
2060 1103 2325 1146 secundis
2355 1102 2537 1144 Numi-

410 1194 575 1238 nibus
610 1191 790 1246 evenit;
824 1203 926 1234 nam
966 1203 1179 1250 egresso,
1225 1190 1302 1246 qui
1337 1189 1561 1244 adfuerat,
1603 1191 1787 1247 populo,
1836 1204 2022 1235 vacuum
2053 1195 2100 1234 et
2128 1192 2227 1234 sine
2255 1190 2387 1234 ullius
2421 1203 2538 1233 noxa

411 1285 632 1329 theatrum
661 1278 905 1337 collapsum
935 1279 1052 1323 est.“

527 1371 776 1425 Hucusque
812 1368 938 1413 Deos
982 1368 1176 1421 faustos,
1218 1367 1462 1426 benignos,
1500 1367 1809 1427 indulgentes,
1846 1368 2017 1424 coeptis
2045 1367 2246 1411 humanis
2275 1371 2538 1421 annuentes,

413 1465 574 1508 bonum
609 1469 872 1501 successum
908 1461 954 1501 et
989 1462 1245 1514 exoptatum
1282 1458 1413 1502 linem
1449 1459 1756 1513 impertientes
1791 1456 2008 1512 vidimus3
2046 1457 2181 1500 multo
2218 1458 2399 1513 saepius
2428 1469 2537 1499 vero

413 1551 608 1607 legimus
636 1547 682 1590 in
711 1545 869 1589 Tacito
900 1545 957 1590 de
986 1546 1090 1591 Diis
1118 1547 1324 1602 insensiS‚
1353 1547 1496 1601 iratiS‚
1526 1545 1583 1590 de
1612 1558 1700 1603 qua
1727 1557 1778 1590 re
1807 1558 1925 1590 nunc
1953 1559 2049 1590 sum
2078 1545 2394 1604 disputaturus.

1199 1679 1293 1736 De
1334 1680 1429 1736 ira
1468 1681 1751 1742 Deorum,

528 1803 661 1846 Duae
705 1799 978 1856 potissimum
1020 1799 1126 1843 mihi
1174 1811 1277 1843 esse
1315 1798 1523 1844 videntur
1558 1811 1770 1854 caussae,
1819 1798 1935 1856 quod
1972 1798 2156 1842 Tacitus
2194 1798 2321 1843 Deos
2357 1800 2538 1858 saepius

414 1895 551 1936 iratos
585 1902 717 1947 quam
755 1888 1000 1933 benevolos
1037 1893 1366 1943 commemoret,
1411 1888 1554 1932 altera
1590 1893 1720 1933 extra
1757 1901 1874 1942 eum,
1919 1888 2062 1932 altera
2090 1889 2136 1931 in
2166 1902 2221 1933 eo
2248 1890 2348 1946 ipso
2377 1890 2536 1946 posita.

416 1982 564 2026 Extra
594 1981 695 2035 ejus
724 1979 915 2022 animum
946 1991 1043 2022 eam
1074 1976 1188 2032 dico,
1218 1991 1334 2034 quae
1363 1981 1409 2024 in
1440 1978 1689 2024 hominibus
1720 1978 1878 2032 inerat,
1910 1978 2068 2032 quibus
2098 1978 2394 2022 circumdatus
2424 1984 2538 2032 erat,

417 2071 464 2114 in
493 2069 647 2122 rebuS,
678 2078 793 2126 quae
823 2071 900 2111 aut
928 2079 1009 2109 suo
1038 2071 1236 2123 tempore
1265 2072 1342 2112 aut
1362 2078 1432 2123 eo,
1461 2065 1578 2124 quod
1595 2065 1824 2121 describit,
1844 2066 2181 2125 gerebantur-²),
2203 2067 2248 2117 in
2269 2066 2408 2122 vitiis,
2425 2078 2539 2129 quae

417 2264 637 2310 abrogetur
672 2255 809 2295 divina
844 2254 1097 2305 benignitas,
1140 2257 1212 2293 sed
1252 2254 1492 2307 explicatur,
1524 2253 1671 2307 addito,
1702 2265 1783 2304 qna
1811 2267 1856 2295 re
1885 2267 1980 2295 sese
2008 2253 2237 2295 exhibuerit
2265 2255 2441 2297 Deorum
2470 2241 2538 2296 be-

420 2327 613 2377 nignitas,
649 2326 727 2365 hac
763 2323 873 2371 scil·,
912 2326 1016 2370 quod
1045 2321 1214 2360 hiemem
1245 2325 1462 2360 modestam
1494 2334 1542 2360 ae
1572 2325 1702 2365 lenem
1731 2321 1923 2363 miserint.
1982 2325 2131 2370 Verba,
2168 2322 2209 2361 in
2241 2326 2380 2362 eodem
2410 2323 2541 2371 capite

420 2390 642 2442 sequentia,
674 2389 795 2429 etiam
825 2391 874 2428 ob
904 2387 1159 2440 vituperium,
1190 2390 1296 2436 quod
1324 2387 1364 2426 in
1394 2401 1610 2437 perversos
1641 2391 1904 2428 Romanorum
1933 2401 2064 2428 mores
2084 2388 2264 2441 effundit,
2286 2388 2412 2440 digna
2432 2396 2539 2441 sunt,

420 2470 525 2508 quae
560 2461 767 2497 notentur:
807 2457 893 2509 „At
931 2456 1097 2495 hercule
1128 2453 1221 2495 olim
1250 2466 1303 2494 ex
1333 2453 1454 2496 Italia
1482 2453 1718 2506 legionibus
1746 2454 1989 2506 longinquas
2019 2453 2059 2494 in
2090 2454 2318 2504 provincias
2348 2467 2541 2496 commea-

418 2532 487 2567 tus
516 2525 796 2574 portabantnr3
825 2534 903 2562 nec
932 2532 1040 2562 nune
1068 2520 1359 2563 infecunditate
1387 2523 1612 2565 laboraturi
1642 2524 1715 2562 sed
1743 2521 1927 2563 Africam
1957 2521 2089 2572 potius
2119 2525 2162 2565 et
2198 2524 2434 2575 Aegyptum
2470 2534 2540 2563 ex-

418 2603 629 2640 ercemus,
678 2589 927 2636 navibusque
964 2595 1005 2628 et
1041 2588 1207 2628 casibus
1236 2588 1321 2628 vita
1350 2588 1494 2637 Populi
1522 2589 1693 2628 Romani
1722 2589 1917 2637 permissa
1945 2595 2021 2629 est.
2081 2591 2134 2628 Et
2169 2592 2260 2629 Job.
2289 2591 2541 2630 Muellernsz

419 2658 529 2712 „Die
565 2659 699 2698 nerrn
736 2656 809 2695 der
835 2657 949 2697 Welt
983 2656 1119 2695 hatten
1153 2653 1249 2695 kein
1285 2654 1428 2696 Brotfiss
1485 2654 1587 2695 Vier
1623 2660 1704 2699 und
1740 2657 1934 2707 zvanzig
1971 2659 2133 2696 Bucher
2169 2656 2434 2706 allgemeiner
2463 2660 2541 2696 Ge·

420 2723 644 2776 sementen,
694 2723 917 2762 besonders
965 2722 1036 2761 der
1082 2720 1388 2772 Europaischen
1436 2721 1709 2766 Menscbbeit.
1780 2723 1923 2765 Dutch
1970 2723 2063 2766 Joh.
2100 2736 2139 2764 v.
2176 2724 2344 2765 muller.
2401 2725 2434 2765 1.
2465 2724 2538 2764 Bd.

420 2790 596 2839 rubing.
626 2791 753 2828 1811.
785 2791 825 2829 e.
857 2799 896 2835 p.
928 2789 1027 2827 sao.

532 2857 584 2906 1)
615 2855 718 2896 Eum
756 2852 946 2907 nuvium,
992 2864 1109 2902 quem
1140 2852 1258 2893 bodio
1287 2855 1412 2894 Saale
1440 2860 1642 2896 nostrates
1670 2855 1823 2908 dicunt,
1853 2853 2095 2907 interpretes
2123 2859 2165 2894 et
2193 2854 2262 2904 qni
2289 2854 2472 2895 ‘l'acitum
2501 2856 2542 2895 in

419 2927 593 2970 nostram
621 2920 805 2973 lingnam
835 2923 1059 2971 verterunt,
1090 2923 1135 2959 ut
1163 2920 1478 2976 Strombeckius,
1506 2921 1756 2974 intelligunt.

535 2986 582 3040 2)
611 2989 699 3028 cfr.
739 2988 888 3026 nister.
929 2990 961 3034 Ι,
993 2989 1042 3030 ⁹⁸
1074 2987 1186 3042 Opus
1225 2988 1451 3041 adgredior,
1488 2989 1658 3041 opimum
1689 2989 1867 3039 ossibus,
1899 2992 2011 3029 atrox
2042 2988 2220 3040 proeliis,
2251 2987 2409 3033 discors
2437 2987 2543 3028 sedi·
