2920 3576
353 386 594 445 interfecto
625 390 815 432 saevitia
845 388 1123 449 imperatoris
1155 401 1208 429 eo
1239 389 1424 433 effusius
1452 392 1614 446 erupit,
1665 389 1781 443 quod
1816 402 1868 432 se
1908 391 2037 433 etiam
2076 389 2130 430 ab
2169 401 2222 430 eo
2263 388 2491 445 deceptum

357 488 464 522 esse
496 474 823 530 animadvertit,
855 475 928 519 cui
958 486 1010 518 se
1042 477 1178 521 totum
1210 477 1476 535 penitusque
1508 474 1704 521 dederat.

470 564 572 608 Huc
619 566 813 621 pertinet
858 565 991 608 etiam
1035 563 1162 607 locus
1197 564 1362 608 Annal.
1413 564 1555 617 XVI,
1609 567 1685 620 16,
1737 569 1965 621 postquam
2012 577 2217 622 magnum
2267 577 2492 615 numerum

359 666 523 707 eorum,
554 654 629 708 qui
659 654 858 696 Neronis
879 654 1012 709 jussu
1042 652 1264 708 trucidati,
1295 655 1581 713 strangulati,
1612 665 1789 698 veneno
1820 654 2058 709 interfecti,
2087 653 2132 694 in
2164 651 2343 696 exilium
2374 653 2492 711 pulsi

356 743 547 794 fuerant,
584 743 702 784 tristi
732 744 877 785 animo
908 747 954 785 et
981 748 1134 797 aperto
1166 744 1210 785 in
1242 748 1478 799 tyrannum
1508 747 1699 804 eJusque
1729 741 1996 785 adulatores
2016 746 2062 785 et
2091 742 2311 785 scelerum
2339 716 2490 785 suaso·

357 842 431 874 res
462 830 563 874 odio
595 833 838 885 recensuit,
869 831 1121 888 profitetur,
1151 844 1203 875 se
1233 833 1391 889 ipsum,
1429 833 1577 877 taedio
1607 837 1672 876 tot
1700 831 1965 894 flagitiorum
1998 834 2171 887 captum
2201 830 2304 874 huic
2342 843 2490 875 narra·

357 922 465 963 tioni
496 920 796 977 supersedere
828 920 974 976 velle3
1004 920 1244 965 abhorrere
1272 923 1462 966 animum
1491 937 1518 965 a
1544 922 1762 983 patientia
1791 919 1969 962 servili:
2001 919 2192 976 „Neque
2221 921 2400 974 aliam,“
2428 922 2489 962 in-

358 1011 465 1066 quit,
506 1010 844 1064 „defensionem
880 1009 936 1052 ab
972 1010 1045 1062 iis,
1078 1011 1237 1065 quibus
1267 1012 1355 1054 ista
1384 1016 1642 1066 noscentur,
1672 1011 1922 1067 exegerim,
1953 1021 2082 1066 qnam
2112 1021 2169 1052 ne
2200 1009 2374 1053 oderint
2402 1014 2490 1052 tam

357 1100 563 1156 segniter
596 1097 854 1162 pereuntes.
916 1099 1004 1142 Ira
1037 1099 1137 1143 illa
1173 1101 1453 1144 Numinum
1492 1101 1547 1156 in
1578 1113 1667 1144 res
1704 1102 1969 1144 Romanas
2000 1099 2107 1142 fuit
2134 1111 2264 1156 quam
2294 1108 2399 1153 nen,
2444 1104 2492 1142 ut

356 1190 402 1231 in
432 1187 634 1232 cladibus
664 1190 943 1232 exercituum
972 1194 1049 1232 aut
1079 1191 1340 1246 captivitate
1372 1191 1543 1241 urbium
1572 1191 1713 1245 semel
1745 1189 1908 1234 editam
1937 1191 2140 1246 transire
2168 1190 2286 1232 licet.
2344 1188 2491 1244 Detur

358 1279 441 1322 hoc
480 1278 731 1321 inlustrium
770 1277 964 1321 virorum
1004 1281 1278 1335 posteritati,
1318 1285 1386 1333 ut,
1426 1279 1639 1335 quomodo
1677 1280 1885 1336 exequiis
1920 1291 1947 1322 a
1986 1280 2233 1336 promiscua
2262 1278 2491 1334 sepultura

358 1370 652 1425 separantur,
691 1366 774 1421 ita,
814 1367 858 1409 in
897 1366 1135 1412 traditione
1174 1381 1490 1425 supremorum,
1526 1370 1749 1427 accipiant
1780 1368 2060 1423 habeantque
2090 1369 2308 1425 propriam
2337 1380 2488 1412 memo·

357 1455 513 1500 riam.“
572 1455 716 1501 Furor
745 1435 1025 1511 imperatoris
1055 1454 1270 1500 divinitus
1298 1436 1519 1502 admissus
1548 1456 1804 1510 videbatur,
1854 1457 1956 1511 quia
1985 1458 2141 1512 punire
2181 1462 2226 1500 et
2262 1457 2489 1514 castigare

358 1544 573 1591 volebant
609 1543 687 1588 Dii
724 1545 825 1589 irati
862 1545 1103 1589 Romanos.
1165 1545 1341 1590 Cadunt
1377 1546 1552 1604 quidem
1583 1560 1636 1590 ac
1668 1551 1855 1602 pereunt
1884 1558 2022 1603 saepe
2052 1544 2204 1602 plures
2234 1546 2317 1590 viri
2345 1558 2488 1601 aeque

354 1635 622 1678 innocentes
657 1645 711 1676 ac
749 1633 875 1690 probi
907 1634 954 1675 in
984 1632 1202 1687 cladibus,
1235 1636 1390 1678 hostes
1422 1635 1609 1678 eundem
1640 1637 1802 1679 civium
1831 1647 2056 1678 numerum
2086 1634 2192 1677 telis
2220 1647 2274 1678 ac
2304 1636 2489 1691 sagittis

355 1723 531 1767 humum
569 1726 876 1778 prosternunt,
919 1720 1003 1766 sed
1032 1721 1158 1781 digni
1188 1729 1293 1768 sunt
1322 1725 1422 1778 viri,
1440 1706 1602 1768 'furore
1632 1724 1886 1782 Principum
1916 1729 1962 1767 et
1991 1724 2213 1778 pravitate
2244 1722 2486 1768 delatorum

357 1811 646 1869 pessumdati,
678 1812 752 1869 qui
779 1812 916 1873 ‘etiam
946 1812 1115 1870 singuli
1145 1818 1482 1869 recenseantur,
1514 1819 1561 1857 ut
1592 1815 1757 1869 posteri
1788 1813 1936 1858 solatii
1956 1814 2084 1870 qnasi
2105 1811 2321 1868 quoddam
2339 1827 2487 1869 genus

357 1913 415 1945 ex
447 1901 531 1945 hac
562 1901 820 1944 narratione
850 1899 1118 1956 hauriant.¹)
1966 1962 1969 1963 γ

471 1989 597 2033 Deos
633 1989 871 2033 sceleratis
907 1993 954 2033 et
988 1990 1061 2041 iia,
1102 1991 1178 2047 qui
1207 1991 1469 2049 religionem
1502 2001 1590 2033 non
1620 1995 1826 2039 servant,
1859 1988 1940 2033 sed
1970 2001 2124 2033 sacros
2154 1990 2267 2033 ritus
2296 1995 2486 2033 contem·

356 2082 489 2131 nunt,
530 2077 670 2120 vetita
706 2078 895 2129 faciunt,
933 2080 1067 2120 irasci
1106 2084 1237 2133 atque
1277 2079 1390 2121 lianc
1427 2081 1537 2121 iram
1575 2080 1716 2121 variis
1757 2079 2104 2132 calamitatibus,
2145 2090 2218 2120 ex.
2257 2089 2293 2119 e.
2326 2078 2487 2119 morbis

354 2166 499 2210 subito
536 2166 745 2209 immissis
775 2166 1077 2221 manifestare,
1111 2164 1271 2209 docent
1303 2166 1441 2210 verba
1472 2165 1637 2209 Annal.
1668 2164 1802 2219 XIV,
1832 2167 1889 2208 22
1918 2164 2115 2220 „lisdem
2146 2164 2301 2209 diebus
2332 2167 2486 2223 (quum

353 2255 558 2298 Plautum
596 2254 812 2309 quendam
854 2268 1028 2299 rumore
1062 2254 1116 2297 ad
1148 2257 1375 2311 imperium
1406 2254 1697 2309 destinatum,
1743 2256 1788 2296 in
1828 2255 1981 2297 Asiam
2021 2254 2274 2311 relegasset
2310 2254 2485 2308 Nero)“

354 2345 485 2387 nimia
524 2343 658 2386 luxus
695 2343 854 2401 cupido
891 2344 1113 2388 infamiam
1145 2349 1190 2388 et
1221 2344 1463 2400 periculum
1495 2343 1664 2387 Neroni
1696 2343 1818 2397 tulit,
1864 2345 1967 2400 quia
1996 2344 2160 2386 fontem
2190 2354 2333 2397 aquae
2368 2343 2484 2388 Mar·

355 2433 451 2476 eiae
487 2433 542 2477 ad
580 2434 732 2477 urbem
770 2432 988 2478 adductae
1019 2432 1164 2477 nando
1195 2433 1464 2479 incesserat:
1505 2431 1829 2489 videbaturque
1860 2437 1988 2489 potus
2018 2445 2172 2477 sacros
2202 2437 2248 2476 et
2277 2433 2485 2479 caerimo-

469 2637 517 2681 1⁷)
551 2635 651 2681 Quis
691 2642 777 2684 est,
814 2635 882 2683 qui
922 2635 1217 2675 similitudinem
1248 2636 1409 2676 illorum
1442 2642 1659 2682 temporum
1692 2647 1780 2673 cum
1812 2647 1862 2674 eo
1891 2648 2014 2683 aevo,
2066 2646 2144 2683 quo
2175 2636 2284 2682 apud·
2308 2635 2480 2674 Franco·

354 2702 495 2742 Gallos
536 2705 696 2751 eadem,
735 2701 831 2748 quin
872 2702 906 2740 si
944 2702 1030 2741 fleri
1062 2704 1281 2754 potuisset,
1320 2703 1472 2750 maiora
1509 2709 1550 2740 et
1581 2705 1883 2750 pluraacalera
1913 2701 2072 2750 publice
2104 2704 2374 2752 patrabantur,
2404 2715 2482 2741 non

349 2765 601 2808 meminerit?
632 2770 775 2816 Aeque
807 2767 955 2819 fatigat
986 2768 1157 2808 narratio
1189 2776 1228 2808 et
1259 2768 1449 2809 recensio
1478 2778 1638 2817 eorum,
1678 2777 1845 2821 quorum
1867 2764 2040 2818 sanguis
2062 2768 2217 2814 plateas
2240 2764 2479 2808 Parisiorum

347 2833 494 2873 intecit
526 2841 645 2883 atque
677 2834 881 2886 foedavit3
912 2834 1036 2872 nihilo
1067 2842 1196 2873 tamen
1228 2836 1366 2874 secius
1397 2828 1652 2874 historiarum
1684 2835 1796 2873 illius
1827 2834 2015 2883 temporis
2044 2832 2262 2880 scriptores
2291 2832 2479 2885 singulos

349 2901 566 2940 calamitati
599 2901 782 2947 publicae
813 2907 854 2940 et
886 2901 1015 2939 furori
1044 2914 1196 2954 eorum,
1226 2903 1293 2949 qui
1324 2905 1372 2941 ad
1403 2901 1502 2949 reip.
1532 2904 1813 2951 gubernacula
1840 2902 2049 2949 sedebant,
2080 2902 2389 2942 succumbentes
2415 2913 2478 2940 ra·

349 2979 559 3017 aem-uere,
594 2974 842 3014 postem-um
873 2965 1122 3019 potissimum
1151 2981 1313 3009 caussa.
1374 2967 1506 3008 Etiam
1535 2968 1587 3008 ills
1617 2967 1863 3015 temporibus
1890 2964 2016 3005 irasci
2048 2964 2255 3005 videbatur
2283 2966 2420 3006 neus!
