2920 3576
1103 288 1279 294 m..
1304 212 1426 295 242„

310 418 457 469 retur,
487 413 603 457 varii
633 416 905 469 sparguntur
936 419 1135 460 rumores
1165 394 1397 451 maximam
1428 409 1597 464 partem
1628 404 1786 461 fictitii,
1818 406 1890 461 qui
1923 404 2149 451 Gallorum
2179 412 2348 453 animos
2386 411 2440 455 ad

308 501 647 548 confirmandum
679 499 843 543 bellum
873 498 1139 541 incitabant:
1173 495 1268 541 Sed
1298 495 1408 539 nihil
1440 509 1598 550 aeque,
1628 497 1770 553 inquit
1800 496 2001 551 TacituS‚
2032 510 2161 554 quam
2191 498 2441 543 incendium

311 590 574 650 Capitolii1)
614 594 661 632 ut
698 589 829 632 finem
866 587 1050 643 imperio
1089 585 1253 630 adesse
1284 582 1535 638 crederent,
1565 584 1800 642 inpulerat.
1861 584 2078 643 „Captam
2108 585 2209 630 olim
2241 600 2267 629 a
2298 585 2443 630 Gallis

312 682 483 726 urbem:
524 677 605 722 sed
644 681 824 737 integra
860 675 993 721 Jovis
1032 672 1169 729 sede,
1208 673 1426 720 mansisse
1461 674 1702 729 imperium.
1763 674 1948 718 Fatali
1979 687 2096 719 nunc
2124 676 2234 734 igne
2264 677 2442 735 signnm

312 770 583 814 coelestis
614 769 729 810 irae
761 767 922 820 datum,
955 770 1000 809 et
1029 763 1362 821 possessionem
1392 777 1536 806 rerum
1568 763 1853 807 humanarum
1883 765 2195 823 Transalpinis
2232 765 2445 823 gentibus

311 858 515 919 poi-tendi
553 858 964 918 superstitione
1001 866 1144 898 vana
1173 851 1372 897 Druidae
1412 852 1679 898 canebant.“
1737 852 1979 900 Miraberis
2007 855 2212 909 fortasse,
2242 854 2443 899 Tacitum

309 963 398 997 non
429 963 456 996 a
486 954 612 1007 parte
644 959 794 991 eorum
824 950 960 999 stare,
992 944 1065 1000 qui
1099 940 1308 1000 Capitolii
1324 939 1573 986 incendium
1593 954 1670 999 pro
1688 941 1802 988 malo
1824 944 1970 988 omine
1991 943 2249 1001 habuerint3
2280 956 2378 988 nam
2401 948 2446 989 et

312 1054 371 1086 ex
403 1039 542 1103 luctu,
572 1049 701 1094 quem
727 1037 817 1093 jam
849 1038 984 1078 antea
1015 1031 1070 1077 de
1100 1031 1184 1076 hoc
1213 1030 1413 1075 facinore
1444 1035 1651 1076 senserat
1681 1036 1725 1076 et
1756 1031 1899 1091 palam
1930 1031 2133 1077 elocutus
2163 1037 2273 1087 erat,
2311 1037 2357 1077 et
2387 1045 2444 1077 ex

313 1125 649 1179 consuetudine,
681 1125 898 1168 maximas
928 1122 1221 1173 calamitateS,
1251 1118 1306 1163 ad
1339 1131 1449 1176 quas
1479 1119 1563 1163 hoc
1594 1118 1860 1175 incondium,
1891 1133 1916 1164 a
1947 1121 2109 1164 civium
2139 1122 2340 1165 manibus
2360 1134 2443 1165 me·

313 1218 385 1262 dia
414 1218 461 1260 in
492 1226 603 1274 pace
633 1213 812 1268 sactum,
843 1212 1083 1265 referebat,
1114 1222 1245 1265 quum
1266 1208 1466 1264 privatas
1485 1213 1574 1252 tum
1594 1209 1798 1267 publicas
1817 1209 1912 1252 irae
1933 1208 2128 1253 Deorum
2147 1208 2446 1259 adscribendi,

315 1307 478 1364 conjici
507 1304 688 1356 licebat,
719 1303 922 1345 Tacitum
954 1299 1168 1343 dicturum
1200 1310 1320 1351 esse,
1352 1310 1612 1355 quamquam
1643 1310 1730 1339 non
1764 1298 1891 1341 finem
1912 1299 2099 1354 imperii,
2125 1311 2261 1355 prope
2281 1299 2446 1342 instau-

315 1403 419 1448 tem,
450 1394 558 1437 iram
589 1396 738 1435 tamen
769 1382 966 1434 Deorum
996 1388 1078 1432 hoc
1110 1385 1321 1444 Capitolii
1351 1385 1557 1429 incendio
1589 1385 1805 1442 portendi.
1851 1385 2071 1442 Equidem
2101 1388 2216 1430 enim
2248 1389 2448 1431 omnibus

317 1487 386 1530 his
422 1484 599 1528 caussis
637 1486 683 1524 et
716 1480 805 1524 alio
836 1479 950 1535 loco,
982 1478 1057 1521 ubi
1087 1477 1184 1534 ipse
1215 1473 1269 1518 de
1302 1474 1598 1534 „urgentibus
1627 1474 1799 1530 imperii
1829 1474 1964 1517 satis“
1995 1473 2202 1530 loquitur,
2233 1474 2449 1520 adductus

316 1577 704 1632 exspectaveram,
737 1581 835 1612 eum
867 1569 969 1611 huic
1001 1565 1269 1611 Druidarum
1300 1563 1478 1607 oraculo
1509 1562 1797 1606 adsensurum
1831 1575 1947 1606 esse.
2001 1562 2094 1607 Sed
2127 1576 2296 1621 negare
2327 1565 2448 1609 vide·

316 1671 387 1708 tur
417 1663 501 1708 hoc
531 1658 816 1703 infortunium
847 1669 952 1701 esse
983 1658 1191 1699 iratorum
1213 1653 1410 1697 Deorum
1432 1653 1761 1707 documentum
1793 1652 2150 1709 superstitionem
2171 1653 2313 1697 fuisse
2335 1667 2447 1698 eam·

319 1766 406 1809 que
443 1763 604 1794 vanam
634 1745 924 1799 Druidarum,
961 1745 1036 1803 qui
1066 1742 1157 1787 tale
1187 1741 1290 1797 quid
1322 1741 1604 1793 divinabant3
1634 1741 1734 1785 sive
1766 1740 1882 1795 quod
1913 1753 2083 1785 omnem
2112 1743 2450 1800 peregrinarum

316 1842 517 1901 gentium
554 1835 718 1879 cultum
756 1834 954 1878 divinum
990 1832 1350 1888 superstitionem
1382 1829 1647 1885 appellat,²]
1686 1831 1786 1872 sive
1807 1828 1922 1886 quod
1944 1843 2001 1874 ex
2024 1833 2190 1873 eventu
2211 1830 2450 1879 concludit.

319 1943 477 1974 vanam
509 1932 643 1984 atque
673 1924 840 1970 irritam
872 1923 1014 1969 ruisse
1046 1917 1312 1967 Druidarum
1345 1917 1714 1976 praedictionem,
1745 1931 1843 1963 nam
1874 1931 1962 1963 non
1993 1918 2160 1973 evenit,
2191 1918 2306 1981 quod
2325 1933 2448 1979 prac-

434 2130 485 2179 1)
516 2124 646 2174 eujus
682 2121 908 2163 incendium
947 2119 1051 2160 nist.
1093 2121 1128 2162 1.
1166 2120 1207 2172 2,
1245 2118 1349 2159 inter
1387 2120 1604 2174 maximas,
1643 2135 1744 2171 quas
1774 2124 1869 2160 urbs
1901 2123 2026 2160 Roma
2058 2134 2231 2171 unquam
2263 2136 2452 2174 perpenna

322 2204 407 2248 est,
446 2192 697 2234 calamitates
734 2193 860 2229 refert
898 2192 938 2227 et
975 2189 1080 2235 quod
1119 2185 1225 2226 nist.
1258 2188 1342 2236 111,
1382 2189 1548 2228 71-73
1587 2200 1770 2228 moerens
1801 2186 1991 2235 decribit;
2022 2188 2182 2230 facinus
2212 2193 2385 2240 appellat
2414 2203 2449 2231 c.

320 2265 376 2309 72
417 2265 537 2314 „post
576 2256 772 2298 conditam
811 2258 948 2296 urbem
985 2252 1326 2294 luctuosissimum
1365 2254 1767 2303 foedissimumque.⁴‘
1828 2257 1890 2294 Ne
1929 2256 2066 2295 hostes
2107 2255 2265 2305 quidem
2294 2256 2333 2297 id
2363 2257 2454 2299 attis

322 2336 489 2384 gerant,
532 2329 674 2371 nedum
711 2324 860 2363 vastati
897 2321 1086 2361 fuissent.
1154 2322 1279 2360 Dolor
1314 2321 1478 2360 intimus
1515 2335 1568 2360 ex
1605 2322 1750 2371 quovis
1791 2325 1912 2360 verbo
1948 2325 2098 2362 elucet.
2159 2325 2454 2367 bubentiseimo

324 2396 534 2438 subscribo
566 2392 701 2432 verbis
733 2391 808 2429 viri
840 2388 1073 2437 doctissimi,
1106 2388 1174 2436 qni
1203 2387 1345 2428 librum
1377 2389 1640 2428 ilofmeisteri
1672 2402 1695 2428 a
1724 2401 1786 2428 me
1813 2387 1898 2436 jam
1929 2402 2050 2437 saepe
2081 2393 2282 2430 laudatum
2313 2405 2452 2433 recen·

324 2464 406 2506 suit
444 2469 483 2502 et
521 2462 665 2499 acerbe
704 2455 923 2507 castigavit
960 2454 1206 2508 „Halliscbe
1243 2457 1406 2506 allgem.
1437 2454 1813 2506 Literaturzeitung
1843 2456 1969 2507 1832,
2002 2455 2128 2504 April.
2161 2458 2212 2496 N.
2244 2459 2300 2497 ⁸72
2329 2464 2370 2499 et
2399 2462 2454 2501 73

322 2544 361 2583 p,
392 2529 635 2571 669-581.
700 2522 1088 2576 „Wabrscbeinlicb
1124 2524 1193 2560 bat
1237 2522 1433 2562 Niemand
1470 2522 1512 2561 iu
1550 2526 1620 2562 der
1656 2525 1775 2562 Naue
1812 2524 1981 2561 soleben
2024 2525 2216 2562 Scbmerz
2253 2527 2354 2565 uber
2382 2529 2454 2567 da·

320 2599 518 2650 Ungliick
548 2595 628 2633 ond
659 2595 734 2630 den
764 2594 888 2631 bii-en
904 2589 1092 2630 zeitlnur
1117 2592 1358 2638 emptum-n
1389 2593 1469 2630 und
1498 2589 1540 2631 in
1570 2592 1739 2630 aolcben
1754 2593 1903 2641 zugen
1935 2590 2138 2641 vernwigt
2170 2594 2233 2631 als
2254 2593 2454 2634 Tacita&

323 2689 377 2699 ..-
406 2675 510 2714 quae
560 2660 683 2701 verba
732 2669 809 2696 non
847 2661 998 2697 tantum
1036 2659 1113 2696 boc
1149 2657 1256 2709 loco,
1287 2658 1357 2697 sed
1388 2655 1569 2696 omnibus
1599 2654 1732 2696 'l'aciti
1761 2655 1950 2707 operibus
1979 2669 2077 2700 vera
2105 2670 2199 2698 esse
2230 2661 2452 2706 probantur.

320 2730 452 2787 „Quis
481 2727 579 2767 talia
606 2726 730 2765 fando
760 2728 953 2771 temperet
982 2736 1006 2761 a
1034 2721 1268 2762 lacrimia?“
1325 2722 1443 2774 Virg.
1474 2725 1578 2762 Aen.
1609 2725 1663 2762 11.
1695 2725 1734 2761 6.

439 2798 489 2847 2]
522 2798 622 2832 Sunt
661 2796 778 2831 etiam
818 2788 918 2839 loci,
957 2788 998 2827 in
1035 2789 1179 2837 quibus
1217 2801 1295 2828 non
1335 2795 1485 2831 tantum
1515 2788 1674 2829 barbari
1703 2793 1776 2828 sed
1806 2789 1925 2828 etiam
1954 2789 2033 2836 ipsi
2062 2788 2231 2828 Romani
2260 2793 2452 2839 supersti-

324 2862 424 2903 tioni
461 2858 584 2900 dediti
619 2857 831 2907 dicuntur,
872 2867 939 2894 ex.
977 2864 1042 2906 gr.
1080 2856 1227 2894 Annal.
1267 2857 1301 2895 1.
1333 2857 1400 2895 28.
1461 2858 1664 2909 „Noctem
1693 2854 1888 2895 minacem
1918 2859 1958 2893 et
1987 2853 2028 2891 in
2059 2857 2198 2895 scelus
2227 2863 2452 2908 erupturam

326 2934 413 2969 fors
451 2926 615 2966 lenivit:
662 2937 746 2961 nam
778 2925 875 2962 luna
906 2926 1017 2961 claro
1047 2929 1210 2969 repente
1239 2926 1355 2962 coelo
1386 2923 1478 2962 visa
1507 2927 1797 2973 languescere.
1856 2923 1901 2960 ld
1931 2919 2046 2959 mileo
2083 2923 2248 2963 rationis
2284 2924 2453 2975 ignarus

325 3008 440 3038 einen
471 2990 739 3044 praesentium
771 2991 946 3042 accepit,
989 3003 1038 3029 ao
1068 2989 1157 3032 suis
1186 2990 1391 3032 laboribus
1421 2988 1690 3031 defectionem
1721 2986 1868 3030 uideris
1900 2984 2156 3041 adsimulans,
2187 3001 2452 3047 prospereque
