2920 3576
448 382 562 424 niam
600 381 688 425 loci
718 393 911 438 corpore
934 381 1084 433 ¹loto1)
1126 381 1339 449 polluisse
1369 387 1613 440 secutaque
1642 395 1809 439 anceps
1839 384 2050 428 valetudo
2079 386 2211 427 iram
2234 384 2399 429 Deum
2419 388 2517 430 assi
2528 402 2566 430 r·

445 471 626 516 mavit.
640 473 669 497 “
727 471 829 516 Non
858 483 1075 516 rumorem
1103 471 1264 538 plebis,
1294 470 1371 516 vel
1399 449 1698 527 imperitorum
1716 473 1936 519 hominum
1955 475 2028 519 hic
2048 474 2187 519 refert
2207 471 2408 528 Tacitus,
2428 488 2569 529 neque

444 557 677 626 quidquam
715 558 886 604 dubitat
923 558 980 604 de
1018 571 1177 604 caussa
1213 560 1348 616 hnjus
1378 538 1533 614 morbi,
1563 572 1692 617 quem
1721 563 1865 622 frigus
1894 576 2038 620 aquae
2067 563 2260 607 fortasse
2291 562 2456 616 effecit,
2486 561 2567 605 sed

439 648 526 692 sibi
564 661 823 715 persuasum
860 660 966 713 esse
1002 647 1147 714 palam
1177 626 1309 706 dicit,
1338 661 1366 699 a
1396 648 1516 704 Diis,
1548 648 1663 706 quod
1692 634 1856 697 fontem
1884 654 2213 698 transnatasset
2241 656 2287 696 et
2316 650 2566 709 polluisset,

439 710 634 782 morbum
664 738 835 781 Neroni
865 749 969 782 esse
996 714 1252 803 immissum.
2013 719 2015 721 Ι
2228 714 2231 717 ¹

552 827 670 872 Sunt
697 830 841 871 autem
872 827 974 882 loci,
1003 828 1050 871 in
1079 827 1238 884 quibus
1266 807 1592 873 iramDeorum
1623 834 1930 873 commemorat
1957 828 2147 887 quidem,
2174 842 2227 874 sc
2249 841 2357 873 vero
2377 830 2564 874 eandem

440 916 706 961 sententiam
773 915 986 970 habuisse
1037 921 1083 960 et
1129 927 1245 970 rem,
1292 915 1348 960 de
1395 929 1481 974 qua
1525 923 1596 961 est
1640 897 1808 967 sermo,
1859 918 1985 962 iratis
2030 919 2131 963 Diis
2179 919 2437 963 attribuisse
2485 923 2562 963 aut

437 1011 592 1062 aperte
630 1010 771 1061 negat
808 1009 885 1049 aut
926 1004 1104 1049 dubium
1140 1003 1373 1062 relinquit,
1405 1011 1543 1050 utrum
1575 1019 1722 1050 eorum
1754 1007 1951 1065 opinioni
1981 1006 2265 1051 adsentiatur.
2323 1008 2477 1053 Palam
2506 1021 2559 1053 se

437 1095 605 1154 excipit
641 1094 810 1161 Histor.
851 1093 1044 1150 1v‚‚2o‚
1082 1092 1266 1148 (Sermo
1306 1099 1378 1150 est
1414 1093 1653 1159 delinopia
1691 1077 1924 1160 frumenti,
1963 1107 2049 1152 qua
2086 1095 2343 1141 laborabant
2370 1094 2560 1142 Romani

435 1185 615 1239 militeS‚
652 1186 696 1228 in
737 1185 971 1229 Germania
1008 1184 1230 1242 stipendia
1265 1184 1520 1241 facientes).
1579 1164 1744 1242 „Apud
1775 1187 2064 1242 imperitos
2086 1184 2287 1244 vprodigii
2317 1185 2412 1230 loco
2441 1187 2557 1230 acci·

435 1276 635 1331 piebatur
664 1277 762 1332 ipsa
791 1288 1001 1331 aquarum
1033 1274 1232 1331 penuria,
1262 1249 1470 1334 tanquam
1499 1288 1582 1318 nos
1609 1287 1763 1318 amnes
1793 1287 1968 1330 quoque
1997 1280 2043 1320 et
2070 1266 2228 1319 vetera
2255 1277 2429 1332 imperii
2467 1289 2555 1319 mu-

434 1367 627 1408 nimenta
657 1365 943 1424 desererent3
973 1365 1090 1422 quod
1117 1366 1165 1408 in
1195 1351 1449 1422 pace'fors
1478 1376 1560 1407 seu
1588 1369 1803 1417 natura,
1834 1371 1939 1409 tunc
1967 1365 2130 1407 fatum
2162 1370 2207 1406 et
2235 1367 2313 1407 ira
2344 1363 2448 1408 Dei
2476 1376 2552 1409 vo·

431 1454 659 1497 cabatur.·‘
715 1451 772 1496 Si
809 1466 900 1510 pax
937 1452 1121 1508 fuisset,
1157 1454 1322 1498 nemini
1359 1454 1406 1496 in
1433 1457 1621 1496 mentem
1651 1456 1870 1506 venisset,
1898 1452 2019 1497 illam
2047 1453 2196 1497 Rheni
2227 1454 2448 1497 insolitam
2477 1451 2552 1497 de·

430 1545 709 1587 minutionem
730 1543 833 1593 ‚irae
863 1541 1353 1603 divinae-adscriberffi
1384 1554 1545 1585 caussa
1570 1547 1671 1585 erat
1698 1542 1914 1585 naturalis
1943 1542 2125 1585 siccitas
2155 1542 2285 1595 coeli,
2315 1555 2430 1598 quae
2449 1554 2552 1586 rara

429 1634 600 1688 quidem
640 1611 688 1674 in⁴
722 1632 812 1674 illis
847 1631 1132 1690 regionibus,
1179 1643 1324 1686 neque
1360 1643 1471 1674 vero
1513 1642 1695 1686 prorsus
1731 1630 1911 1674 insolita
1948 1632 2118 1680 effecit,
2169 1637 2217 1674 ut
2260 1631 2424 1674 fluvius
2470 1632 2549 1674 vix

426 1738 571 1770 naves
601 1726 840 1781 pateretur.
914 1711 917 1712 ⁷
1757 1699 1759 1701 ’

481 1850 483 1852 ,
538 1813 687 1858 Etiam
719 1811 883 1860 Annal.
912 1808 1052 1858 xm.
1084 1812 1138 1854 17
1166 1822 1255 1853 non
1284 1823 1311 1853 a
1342 1814 1467 1865 parte
1497 1808 1624 1872 vulgi
1648 1814 1769 1853 stare
1799 1805 1990 1852 videtur.
2021 1808 2181 1853 Sermo
2211 1806 2271 1853 ibi
2302 1813 2373 1854 est
2400 1806 2456 1852 de
2474 1821 2544 1852 se-

426 1905 602 1964 pultura
630 1901 892 1953 Britannici,
917 1900 1049 1954 jussu
1079 1899 1480 1961 Neronisveneno
1511 1899 1745 1951 interfecti,
1777 1897 1891 1954 quod
1923 1902 2008 1941 tam
2038 1899 2125 1941 cito
2156 1899 2290 1941 vitam
2327 1899 2430 1952 eJus
2464 1896 2540 1940 ab·

425 1994 564 2046 stulit‚
595 1997 643 2036 ut
672 1991 789 2047 (cap.
823 1988 908 2044 16.)
939 2001 1062 2043 „vox
1092 1989 1259 2045 pariter
1289 1992 1334 2032 et
1362 1986 1545 2042 spiritus
1575 1987 1883 2043 raperentur.“
1940 1985 2112 2031 Eadem
2149 1991 2280 2030 nocte
2308 1983 2355 2028 in
2384 1998 2539 2043 campo

422 2083 581 2130 Martis
631 2076 833 2136 sepultus
871 2081 964 2132 est,
1001 2075 1143 2131 „adeo
1182 2074 1369 2120 turbidis
1405 2073 1633 2128 imbribus,
1669 2079 1717 2117 ut
1747 2073 1953 2130 vulgus
1981 2075 2108 2116 iram
2141 2072 2305 2118 Deum
2337 2071 2538 2130 portendi

423 2169 661 2219 crediderit
689 2164 908 2212 adversus
936 2162 1125 2220 facium,
1156 2165 1228 2208 cui
1259 2162 1461 2221 plerique
1490 2165 1622 2207 etiam
1652 2162 1871 2207 hominnm
1901 2161 2208 2221 ignoscebant,
2227 2163 2431 2220 antiquas
2450 2162 2535 2205 fra·

419 2269 536 2307 trum
569 2255 814 2302 discordias
851 2260 897 2300 et
931 2252 1194 2298 insociabile
1230 2264 1419 2311 regnum
1454 2252 1756 2297 aestimantes.
1770 2252 1795 2275 ‘¹
1861 2250 2038 2309 Vulgus
2078 2253 2215 2312 igitur
2249 2249 2332 2295 hos
2369 2248 2534 2294 imbres

417 2354 595 2410 signum
626 2349 718 2390 irae
748 2345 960 2389 coelestis
990 2357 1095 2388 esse
1124 2343 1328 2401 putabat3
1357 2342 1397 2382 si
1426 2342 1525 2398 ipse
1555 2340 1740 2384 eandem
1772 2341 2018 2397 opinionem
2037 2340 2281 2394 habuisset,
2301 2341 2382 2383 vix
2402 2338 2534 2396 vulgi

417 2440 679 2484 mentionem
715 2435 924 2489 fecisset,
967 2434 1099 2477 simul
1136 2432 1326 2477 additam
1361 2431 1555 2487 legimus
1591 2443 1793 2474 caussam
1831 2430 1964 2486 huJus
1998 2431 2092 2472 irae
2130 2430 2340 2483 Deorum,
2378 2429 2533 2472 scelus

414 2532 655 2587 patratum3
684 2524 850 2568 caedes
878 2524 1028 2567 fratris
1057 2522 1310 2567 reddiderat
1337 2520 1464 2564 Deos
1493 2521 1644 2564 iratos.
1704 2521 1861 2574 Neque
1891 2518 2115 2561 dissimilis
2145 2523 2215 2562 est
2245 2499 2372 2561 locus
2409 2517 2528 2560 Hist.

414 2617 496 2672 1V,
525 2619 594 2661 54.
653 2613 727 2658 De
761 2612 882 2661 bello
918 2613 979 2655 ibi
1018 2612 1212 2670 loquitur
1247 2611 1455 2664 Tacitus,
1494 2608 1611 2667 quod
1642 2611 1735 2666 jam
1775 2607 1929 2650 dudum
1960 2608 2002 2648 in
2035 2606 2182 2651 Gallia
2212 2612 2258 2649 et
2287 2604 2531 2675 Germani·

413 2707 655 2762 gerebatur
684 2709 730 2745 et
760 2699 876 2759 quod
904 2707 1069 2744 tantum
1099 2702 1268 2753 aberat,
1299 2703 1347 2740 ut
1377 2698 1548 2740 Vitellii
1577 2702 1715 2740 morte
1746 2697 1948 2737 nunciata
1979 2695 2222 2747 tolleretur,
2254 2700 2301 2736 ut
2330 2695 2525 2751 duplica·

525 2904 576 2955 Β)
606 2903 800 2942 Praetero
835 2900 1048 2940 lectionem
1085 2884 1228 2950 ‚,'loto“
1266 2912 1337 2948 pro
1367 2899 1512 2953 „toto“
1542 2911 1593 2938 ex
1623 2895 1894 2936 emendatione
1925 2894 2066 2943 Lipsii.
2127 2896 2357 2937 Adnotasse
2389 2896 2522 2948 juva,

414 2975 547 3011 ruutee
578 2977 618 3009 et
647 2968 778 3016 capit·
808 2980 1001 3015 uquarum
1030 2967 1234 3007 veteribus
1263 2978 1381 3005 sacra
1409 2966 1554 3016 tuisse,
1584 2964 1624 3001 in
1653 2963 1796 3011 quibus
1827 2969 1867 3001 et
1898 2971 2033 3001 natare
2064 2970 2104 3002 et
2137 2963 2332 3012 navigare
2363 2969 2491 3003 nefas.
