2920 3576
447 414 681 458 ducibus
727 407 935 466 petit-“J
982 406 1127 450 Filius
1181 411 1351 462 patrem
1393 406 1451 449 ab
1495 405 1633 448 exilio
1679 410 1941 461 retractum,
1985 414 2170 452 accusat
2211 411 2322 465 (An.
2365 395 2486 484 15⁷2
2501 417 2573 469 ξε,

448 504 505 549 de
553 513 639 558 quo
687 498 785 541 loco
834 500 992 554 postea
1038 508 1135 539 snm
1184 493 1493 548 disserturus).
1574 493 1669 539 Sed
1717 495 1824 552 quid
1870 497 1919 540 in
1966 497 2161 555 singulis
2208 499 2444 546 immoror?
2481 503 2572 547 Ab·

447 595 596 637 horret
642 588 816 633 animus
864 585 920 630 ab
970 583 1048 628 illo
1096 588 1318 641 tempore,
1360 596 1387 628 a
1436 584 1643 627 vitiorum
1688 584 1907 640 colluvie,
1955 599 2071 644 quae
2118 589 2263 633 omnia
2304 589 2481 635 >referre
2528 597 2574 636 et

446 682 628 739 longum
677 680 749 723 est
777 678 822 721 et
850 674 907 720 ab
937 672 1021 720 hoc
1070 672 1169 718 loco
1197 672 1404 718 alienum.
1468 669 1598 717 Haec
1626 670 1854 719 addidisse
1882 673 1999 721 haud
2028 675 2215 735 pigebit,
2263 690 2379 736 quae
2407 679 2572 725 Annal.

445 768 529 826 IV,
557 768 617 814 33
644 766 879 825 leguntur:
909 763 1007 809 Nos
1034 775 1175 810 saeva
1198 765 1345 820 jussa,
1375 761 1609 807 continuas
1637 762 1966 818 accusationes,
1994 762 2183 810 fallaces
2210 765 2445 823 amicitias,
2474 782 2572 826 per-

444 861 609 906 niciem
653 853 953 900 innocentium
1001 857 1048 897 et
1094 853 1276 896 easdem
1323 851 1448 895 exitu
1490 861 1679 894 caussas
1722 853 2081 912 conJungimus.“
2138 853 2204 900 Et
2239 856 2402 902 Amul,
2440 856 2570 912 xlv,

443 952 502 994 64
532 947 807 1003 (quicunque
837 949 971 985 casus
998 946 1241 998 temporum
1268 940 1442 984 illorum
1471 945 1676 996 noscent,
1706 946 2035 999 praesumptum
2063 943 2278 999 habeant)
2318 943 2571 1001 „Quotiens

445 1040 581 1097 fugas
610 1039 657 1080 et
686 1031 855 1078 caedes
879 1031 1018 1087 jussit
1045 1030 1280 1087 Princeps,
1310 1030 1477 1074 totiens
1506 1033 1664 1089 grates
1692 1030 1810 1075 Deis
1838 1035 1980 1088 actas,
2009 1046 2215 1092 quaeque
2243 1047 2385 1079 rernm
2413 1047 2569 1080 secun·

444 1127 596 1173 darum
626 1123 744 1178 olim,
773 1126 864 1167 tum
894 1117 1101 1179 publicae
1131 1117 1275 1162 cladis
1303 1118 1503 1179 insignia
1531 1118 1720 1163 fuisse.“

554 1215 630 1262 Ad
668 1213 853 1258 verbum
897 1210 1038 1268 igitur
1074 1208 1131 1252 de
1160 1209 1304 1253 Taciti
1334 1213 1532 1267 tempore
1562 1208 1606 1256 id
1638 1209 1727 1254 dici
1757 1214 1927 1270 potest,
1970 1212 2086 1270 quod
2117 1212 2308 1260 Ovidius
2338 1213 2393 1259 de
2425 1214 2570 1259 ferrea

443 1311 592 1352 aetate
622 1304 744 1348 canit
770 1298 1115 1356 metamorphos.
1144 1297 1221 1341 lib.
1254 1300 1357 1341 128:

862 1388 1106 1445 „Protinus
1134 1387 1335 1443 irrumpit
1363 1399 1509 1430 venae
1539 1389 1708 1444 pejoris
1737 1389 1784 1430 iu
1812 1400 1972 1433 aevum

864 1477 1007 1523 Omne
1035 1474 1186 1517 nefas:
1216 1475 1378 1531 fugere
1408 1474 1563 1531 pudor,
1592 1488 1837 1533 verumque
1866 1477 2088 1532 fidesque:

860 1563 916 1609 In
946 1575 1128 1619 quorum
1156 1562 1337 1606 subiere
1365 1562 1508 1607 locum
1536 1563 1807 1620 fraudesque
1836 1564 2030 1623 dolique,

859 1650 1163 1708 Insidiaeque,
1194 1655 1241 1697 et
1268 1651 1357 1707 vis,
1387 1655 1433 1696 et
1460 1663 1582 1697 amor
1609 1651 1862 1697 sceleratus
1890 1652 2096 1700 habendi.

552 1746 618 1794 Et
653 1758 697 1790 v·
737 1745 819 1789 144
863 1740 1044 1786 Vivitur
1073 1751 1134 1785 ex
1163 1744 1311 1798 rapto:
1342 1751 1431 1784 non
1461 1739 1628 1797 hospes
1657 1739 1713 1784 ab
1742 1740 1918 1798 hospite
1947 1745 2084 1797 tutus,

859 1830 961 1873 Non
991 1841 1122 1873 socer
1151 1841 1179 1872 a
1207 1840 1400 1886 genero:
1431 1829 1613 1873 fratrum
1641 1840 1817 1885 quoque
1846 1830 1994 1887 gratia
2022 1842 2123 1876 rara
2152 1835 2237 1885 est,

859 1919 1066 1963 Imminet
1094 1919 1235 1961 exitio
1264 1920 1335 1961 vir
1363 1920 1589 1974 conjugis,
1618 1917 1696 1960 illa
1723 1919 1889 1961 mariti:

854 2005 1022 2051 Lurida
1050 2006 1276 2051 terribiles
1305 2007 1494 2050 miscent
1523 2007 1699 2050 aconita
1729 2020 1975 2052 novercaez

858 2093 1002 2138 Filius
1031 2100 1136 2138 ante
1168 2095 1282 2138 diem
1313 2096 1480 2150 patrios
1510 2095 1694 2150 inquirit
1722 2096 1769 2138 in
1798 2109 1953 2139 annos.

854 2181 991 2226 Victa
1014 2182 1141 2238 jacet
1170 2181 1329 2237 pietas,
1361 2184 1408 2223 et
1437 2181 1570 2237 virgo
1600 2180 1740 2225 caede
1770 2181 2001 2226 madentes

855 2269 1022 2313 Ultima
1051 2269 1294 2312 coelestum
1323 2272 1468 2312 terras
1497 2269 1692 2312 Astraea
1721 2269 1948 2325 reliquit.“

548 2366 782 2411 Externas
811 2365 960 2404 autem
989 2371 1065 2400 res
1095 2371 1301 2417 magnam
1330 2359 1419 2401 vim
1449 2359 1495 2398 in
1524 2357 1745 2404 hominum
1775 2359 1946 2400 animos
1976 2370 2209 2413 exercere,
2239 2370 2327 2402 non
2357 2363 2449 2413 est,
2487 2361 2561 2415 qui

438 2453 744 2503 diffiteatur.¹)
812 2446 865 2492 Si
903 2448 1134 2504 quisquam
1171 2445 1309 2499 alius,
1347 2446 1532 2501 Tacitus
1569 2445 1886 2493 Terentianum
1916 2446 2025 2490 illud
2054 2447 2100 2490 iu
2129 2459 2207 2490 ore
2236 2446 2356 2490 tulitz
2386 2446 2560 2501 „Homo

436 2557 550 2597 sum,
586 2539 651 2584 nil
686 2538 865 2582 humani
901 2536 984 2597 abs
1021 2548 1090 2580 me
1126 2534 1318 2579 alienum
1355 2548 1460 2579 esse
1488 2534 1640 2592 puto.“
1697 2533 1753 2579 In
1780 2535 1864 2580 hoc
1892 2548 2001 2580 vero
2031 2536 2176 2580 animo
2206 2548 2330 2593 puro,
2359 2534 2561 2590 candido,

432 2630 613 2678 virtutis
649 2627 950 2673 amantissimo
987 2624 1130 2669 altera
1164 2625 1284 2668 inest
1321 2636 1507 2686 caussa,
1546 2621 1661 2679 quod
1698 2622 1825 2667 Deos
1862 2625 2089 2679 infensos,
2126 2624 2220 2669 irae
2255 2622 2557 2683 indulgentes,

434 2732 620 2779 poenam
659 2715 898 2762 molientes
932 2713 1021 2759 sibi
1057 2713 1249 2758 finxerit.
1309 2714 1492 2767 Tacitus
1530 2725 1590 2757 ex
1626 2724 1808 2762 numero
1845 2717 1942 2759 erat
1970 2725 2138 2768 eorum,
2179 2713 2255 2774 qui
2285 2713 2397 2766 (An.
2425 2712 2557 2769 xlv,

546 2831 598 2882 1]
629 2830 715 2871 Cir.
753 2826 1015 2869 Hoffmeister
1058 2838 1098 2883 p.
1137 2827 1212 2866 292
1266 2824 1376 2878 „me
1415 2827 1661 2877 Gestaltung
1697 2828 1768 2867 der
1807 2824 2131 2877 Lebeusausicbt
2166 2825 2270 2866 auch
2304 2827 2377 2867 des
2412 2828 2557 2868 selbst-

432 2896 685 2948 standigsten
722 2894 884 2936 Geistes
921 2894 976 2935 ist
1015 2906 1092 2934 von
1130 2896 1204 2933 den
1242 2892 1474 2934 Einssiisseu
1510 2896 1581 2934 der
1616 2892 1711 2934 Zeit
1758 2896 1838 2933 und
1867 2896 1940 2933 des
1969 2894 2127 2932 Volkes
2155 2893 2221 2933 bei
2249 2891 2425 2934 Weitem
2453 2895 2558 2934 noch

433 2967 542 3005 mehr
580 2960 812 3013 abhangig,
862 2963 924 3000 als
962 2959 1027 3000 die
1063 2959 1359 3012 Entwicklung
1397 2961 1468 3000 des
1500 2963 1795 3010 Samenkornes
1834 2972 1911 2999 von
1943 2961 2018 3009 deu
2048 2960 2328 3013 Auregungen
2360 2962 2430 3001 der
2458 2961 2557 3008 1⁴th

434 3033 514 3074 und
544 3033 615 3068 des
646 3028 975 3069 sonnenlichts.“
