2920 3576
1418 316 1462 360 4

364 482 515 540 pusilli
550 486 685 528 animi
723 485 921 538 homine,
963 484 1042 526 sed
1081 486 1189 540 „qui
1219 484 1369 527 sidera
1409 487 1577 528 vertice
1616 485 1783 526 serire“
1827 484 2026 539 videtur,
2052 486 2156 539 Jure
2188 485 2499 542 quodammodo

363 578 635 629 exspectare
664 585 922 628 possumuS‚
954 587 1053 617 eum
1082 573 1289 615 Numinis
1321 574 1619 628 praesentiam
1650 577 1695 613 et
1726 574 1928 628 regimen
1959 572 2169 628 profiteri,
2201 585 2321 627 cum,
2353 585 2497 627 quiam-

364 663 439 707 vis
488 668 707 720 tempore,
758 662 1150 719 superstitionibus
1200 667 1246 705 et
1295 662 1417 705 vitiis
1464 662 1633 714 obruto,
1683 660 1892 719 religioni
1937 661 2157 715 adverso,
2215 662 2360 705 Deum
2409 674 2497 705 non

369 751 550 808 perinde
581 756 780 807 curante,
811 752 1049 805 vixerit,¹)
1083 752 1216 807 huJus
1246 753 1292 793 in
1323 750 1467 793 Deum
1498 749 1600 792 fidei
1631 750 1829 805 vestigia
1860 751 2041 807 seriptis
2071 751 2166 793 suis
2200 751 2460 793 inseruisse.

481 840 544 883 At
579 852 668 883 non
706 852 817 897 opus
855 846 946 895 est,
989 839 1117 894 iude,
1156 838 1270 897 quod
1310 840 1508 882 existere
1547 849 1633 880 non
1671 842 1818 894 potest
1855 838 2006 893 homo,
2047 840 2121 896 qui
2158 839 2302 883 Deum
2345 844 2498 895 neget,

369 928 658 984 concludere,
709 941 819 988 ergo
858 929 989 974 etiam
1029 929 1234 973 Tacitum
1271 941 1441 987 negare
1478 938 1567 971 non
1604 926 1828 983 potuisse3
1877 940 1964 970 non
2005 941 2115 984 opus
2153 933 2245 982 est,
2295 940 2393 971 eum
2437 927 2499 970 ita

369 1018 497 1077 quasi
534 1003 768 1063 circumire
807 1023 853 1062 et
890 1030 917 1063 a
952 1022 1086 1079 tergo
1123 1017 1359 1073 invadere,
1399 1029 1456 1062 ne
1486 1015 1637 1070 nobis,
1675 1016 1926 1072 opinionem
1962 1019 2064 1074 ejus
2099 1017 2438 1077 indagantium,
2472 1030 2498 1060 e

369 1108 572 1154 manibus
618 1108 847 1154 elabatur:
897 1113 1030 1154 recta
1068 1122 1165 1154 eum
1201 1105 1327 1152 adire
1363 1112 1410 1152 et
1447 1105 1683 1152 consulere
1721 1112 1853 1152 vacat
1891 1112 2025 1163 atque
2057 1111 2209 1164 Juvat,
2258 1121 2404 1165 neque
2442 1121 2499 1149 ne

372 1211 481 1255 spes
510 1210 592 1242 nos
621 1196 749 1243 fallat
771 1198 996 1243 timemus.

482 1286 539 1332 ln
579 1287 950 1346 disceptationem
993 1287 1112 1333 cadit
1155 1287 1281 1332 locus
1320 1287 1530 1332 German.
1564 1298 1663 1344 cap.
1703 1291 1743 1332 9.
1783 1286 1969 1344 dignus,
2008 1291 2082 1346 qui
2118 1291 2162 1332 in
2191 1289 2336 1333 fronte
2367 1290 2501 1333 totius

372 1377 698 1435 disquisitionis
753 1382 955 1435 ponatur.
1035 1377 1221 1435 Proprie
1277 1374 1456 1435 quidem
1504 1375 1561 1421 de
1613 1374 1849 1421 Germanis
1898 1378 2092 1436 loquitur
2138 1380 2330 1436 scriptor
2377 1392 2500 1434 prae·

371 1443 650 1522 clarfflmus,
699 1465 783 1511 sed¹
823 1477 921 1519 reS,
971 1477 1100 1525 quam
1143 1468 1327 1524 tractat,
1365 1466 1429 1512 ita
1465 1469 1539 1512 est
1582 1467 1858 1524 comparata,
1897 1473 1944 1512 ut
1981 1481 2079 1513 eam
2114 1467 2334 1511 narrando
2370 1470 2500 1511 etiam

372 1518 634 1600 neco'ssario
670 1569 794 1601 suam
823 1557 1004 1611 fecerit,
1041 1556 1141 1612 vel,
1180 1557 1297 1614 quod
1326 1557 1496 1613 malim,
1534 1563 1584 1602 ut
1612 1559 1709 1615 ipse
1740 1572 1837 1603 eam
1863 1558 1951 1603 sibi
1979 1558 2160 1601 tinxerit
2189 1564 2234 1602 et
2263 1571 2322 1602 ex
2352 1560 2503 1602 intimo

373 1645 508 1699 animi
544 1656 731 1689 recessu
769 1646 1058 1704 prompserit3
1095 1644 1179 1690 sed·
1214 1651 1436 1703 praestat,
1475 1646 1687 1690 inducere
1725 1647 1979 1704 loquentem
2008 1648 2151 1704 ipsum
2182 1647 2397 1702 Tacitum,
2429 1650 2503 1705 qui

372 1739 603 1794 postquam
639 1733 793 1793 plures
822 1735 966 1791 Deos,
996 1740 1044 1781 ut
1072 1736 1355 1792 Mercurium,
1393 1736 1650 1792 Herculem,
1680 1738 1886 1793 Martem,
1916 1737 2081 1783 Isidem
2110 1736 2226 1795 apud
2257 1737 2504 1782 Germanos

375 1824 465 1867 coli
510 1828 559 1869 et
605 1824 724 1869 hunc
772 1824 937 1869 cultum
985 1826 1256 1884 peregrinae
1304 1825 1496 1882 originis
1537 1825 1681 1871 videri
1726 1826 1898 1881 retulit,
1949 1828 2010 1871 ita
2055 1825 2286 1882 praeclare
2329 1829 2502 1885 pergit:

378 1913 623 1969 „Ceterum
661 1926 745 1958 nec
781 1914 992 1957 cohibere
1031 1915 1278 1970 parietibus
1336 1915 1485 1969 Deos,
1517 1928 1664 1972 neque
1712 1917 1758 1959 in
1795 1915 1928 1960 ullam
1966 1916 2141 1959 humani
2179 1918 2269 1959 oris
2307 1918 2503 1974 speciem

375 2003 660 2058 adsimulare,
691 2016 752 2047 ex
780 2002 1093 2062 magnitudine
1120 2003 1380 2047 coelestium
1411 2003 1692 2054 arbitrantur.
1754 2005 1903 2047 Lucos
1931 2015 1985 2046 ac
2014 2016 2194 2047 nemora
2211 2011 2503 2057 consecrant,

328 2086 331 2087 ⁷
378 2093 667 2150 Deorumque
706 2092 958 2135 nominibus
995 2092 1224 2150 appellant
1261 2096 1483 2136 secretum
1524 2090 1649 2146 illud,
1688 2090 1803 2147 quod
1840 2092 1937 2136 sola
1969 2091 2225 2137 reverentia
2252 2093 2504 2147 videnum)

379 2181 598 2240 Apparet,
637 2181 839 2226 Tacitum
874 2180 959 2226 hoc
989 2181 1087 2227 loco
1118 2184 1376 2225 consuetam
1405 2180 1491 2224 sibi
1522 2179 1844 2238 interpretandi
1874 2183 2086 2225 rationem
2118 2193 2222 2224 esse
2253 2165 2504 2250 secutsum3

379 2269 614 2314 audiverat
647 2271 781 2325 enim,
821 2268 1070 2314 Germanos
1108 2282 1256 2327 neque
1287 2268 1447 2325 oppida
1477 2280 1625 2326 neque
1655 2269 1819 2326 templa
1848 2268 2056 2324 condere,
2087 2271 2215 2325 cujus
2246 2273 2506 2328 posterioris

380 2360 652 2417 potissimum
701 2361 774 2404 rei>
814 2372 1003 2404 caussas
1051 2361 1295 2418 anquirens
1341 2372 1394 2403 ac
1443 2359 1573 2404 simul
1621 2360 1692 2403 sui
1742 2360 1892 2417 populi
1942 2373 2096 2404 vanam
2146 2362 2505 2417 superstitionem

500 2555 550 2603 1)
580 2554 688 2590 Idem
723 2551 818 2590 ibid.
856 2564 893 2600 p.
931 2553 1029 2593 1⁰⁷.
1089 2553 1243 2603 „Scine
1281 2553 1373 2592 Zeit
1404 2560 1499 2603 trug
1529 2552 1663 2590 nichts
1692 2552 1731 2589 in
1763 2551 1864 2601 sich,
1897 2564 1986 2591 was
2016 2554 2090 2590 den
2122 2554 2305 2592 Glaubou
2336 2565 2385 2592 an
2417 2552 2507 2595 eine

382 2621 587 2661 waltende
624 2618 802 2660 Gottheit
838 2623 1008 2671 geniihrt
1048 2622 1179 2671 hiitte3
1217 2620 1278 2661 sie
1317 2634 1406 2660 war
1445 2635 1519 2660 von
1560 2624 1630 2660 der
1666 2624 1782 2660 edlen
1820 2620 2092 2672 Menschheit‚
2131 2643 2185 2648 —
2226 2632 2291 2658 um
2320 2634 2367 2659 so
2397 2625 2507 2660 mehr

381 2689 485 2727 auch
529 2697 604 2724 von
648 2687 735 2723 dem
765 2686 988 2736 gottiichen
1021 2686 1160 2727 Geiste
1192 2686 1450 2727 verlassen.“
1509 2690 1561 2728 Et
1591 2685 1759 2726 Tacitus
1789 2685 1875 2738 ipse
1904 2686 1945 2726 in
1979 2685 2060 2726 vita
2091 2685 2315 2738 Agricolae
2346 2698 2433 2738 cap.
2467 2690 2504 2726 1.

385 2758 684 2806 „Incusaturus
722 2752 816 2804 (alii
854 2754 997 2805 legunt
1042 2754 1347 2806 incursaturus)
1380 2760 1455 2793 tam
1487 2767 1615 2795 saeva
1645 2759 1685 2793 et
1714 2753 1867 2793 infesta
1898 2753 2111 2793 virtutibus
2145 2755 2366 2801 tempora.“
2426 2756 2505 2795 cfr.

383 2820 525 2873 Agric.
565 2813 652 2868 cap.
683 2820 724 2860 ὅ.
756 2819 1052 2874 ,.temporibus,
1092 2820 1240 2879 quibus
1277 2821 1442 2862 sinistra
1472 2833 1571 2875 erga
1601 2820 1822 2862 eminentes
1852 2819 2142 2874 interpretatio,
2174 2831 2250 2860 nec
2280 2819 2409 2860 minu·
2439 2832 2503 2871 pe-

380 2888 551 2928 riculum
590 2901 639 2926 ex
676 2899 825 2939 magna
866 2892 973 2927 fama
1010 2899 1126 2936 quam
1164 2901 1216 2928 ex
1254 2888 1403 2927 mala“.
1463 2891 1507 2929 C.
1546 2892 1586 2929 6.
1622 2900 1774 2938 gnarus
1814 2887 2058 2938 (Agricola)
2098 2889 2174 2925 sub
2211 2888 2372 2926 Nerone
2410 2895 2505 2928 tem-

381 2967 532 3003 porum,
564 2954 710 3003 quibus
739 2953 886 2994 inertia
916 2966 992 3011 pro
1024 2953 1224 3002 sapientia
1255 2954 1378 2994 fuit.“
1436 2957 1479 2995 C.
1512 2957 1587 2996 1⁷8
1618 2955 1692 2994 Vir
1721 2965 1909 3006 magnum,
1943 2959 2132 3005 quantum
2163 2951 2356 2995 licebat.“

495 3024 545 3072 8)
577 3023 662 3060 cfr.
701 3024 749 3059 de
788 3024 862 3059 hoo
900 3024 992 3060 loco
1023 3025 1168 3060 sustu:
1197 3022 1357 3060 Moser:
1391 3022 1726 3063 osnabruckscho
1758 3020 2016 3062 Geschichte.
2077 3021 2109 3058 1.
2141 3018 2267 3059 Theil.
2330 3022 2367 3061 2.
2399 3023 2505 3063 Aufl.

383 3087 533 3141 Berlin,
565 3091 692 3128 1780.
725 3102 761 3138 p.
793 3090 859 3129 54.
892 3101 1003 3138 seqq.
