2920 3576
1430 238 1506 282 12

520 406 626 455 Huc
666 409 859 467 pertinet
895 404 1021 450 locus
1060 402 1225 449 Annal.
1257 402 1295 458 1,
1326 404 1404 447 28:
1436 400 1564 457 „Sua
1594 403 1792 449 facinora
1820 403 2024 449 aversari
2053 404 2181 450 Deos
2211 405 2536 452 lamentantur‘⁶

406 497 507 545 scil.
545 496 707 542 milites
736 495 937 539 Romani.
995 493 1125 538 Inest
1152 494 1198 536 in
1235 505 1289 537 eo
1319 492 1567 548 sententia,
1597 492 1725 536 bonis
1754 492 2003 538 bominibus
2033 493 2159 538 Deos
2187 494 2366 549 favere,
2410 495 2538 540 malis

407 588 555 632 irasci.
612 586 774 642 Neque
822 585 1003 628 silentio
1040 581 1367 641 praetereunda
1403 587 1509 626 sunt
1544 582 1706 637 verba,
1755 594 1871 643 quae
1907 583 2027 627 Hist.
2052 582 2157 638 lv,
2199 586 2256 627 81
2303 584 2536 641 leguntur:

411 677 530 731 „Per
566 687 648 719 eos
676 687 873 728 mense&
904 674 1064 729 quibus
1093 673 1403 729 Vespasianus
1432 670 1742 715 Alexandriae
1772 676 1915 715 statos
1943 673 2132 717 aestivis
2159 673 2336 717 flatibus
2364 671 2464 716 dies
2493 678 2539 716 et

409 770 531 809 certa
566 764 703 808 maris
732 764 1070 819 opperiebatur,
1099 761 1235 805 multa
1264 759 1477 804 miracula
1506 772 1719 813 evenere,
1749 761 1850 813 quis
1879 761 2025 805 coeli
2060 761 2217 806 favor
2245 765 2292 805 et
2320 759 2538 817 quaedam

410 855 454 896 in
475 852 808 910 Vespasianum
837 851 1134 895 inclinatio
1164 849 1441 894 Numinum
1470 845 1828 892 ostenderetur.“
1866 847 1998 894 Sicut
2033 849 2172 909 igitur
2205 849 2312 894 totis
2345 848 2536 906 populis,

409 954 482 987 ex.
504 954 574 1001 gr.
606 940 821 985 Romanis
850 939 1006 983 favent
1016 938 1109 994 Dii,
1139 939 1203 983 ita
1232 937 1363 982 etiam
1393 934 1587 995 singulis
1607 935 1885 994 hominibus3
1914 948 2119 984 caussam
2147 937 2282 995 hujus
2310 935 2534 994 inVcspa-

407 1206 552 1236 canum
587 1194 817 1245 interirent,
858 1200 925 1233 aut
963 1192 1154 1233 crucibus
1184 1193 1319 1245 adfixi,
1352 1201 1420 1233 aut
1450 1193 1686 1245 flammandi,
1717 1199 1838 1241 atque
1867 1194 1937 1233 ubi
1966 1193 2189 1233 defecisset
2218 1193 2319 1245 dies,
2350 1194 2391 1232 in
2421 1207 2536 1233 usum

407 1260 596 1304 nocturni
625 1258 785 1302 luminis
815 1265 1035 1303 uterentur.
1065 1263 1215 1301 Hortos
1246 1274 1345 1302 suos
1376 1260 1415 1302 ei
1445 1264 1679 1312 spectaculo
1709 1264 1819 1302 Nero
1840 1263 2052 1313 obtulerat,
2075 1267 2114 1301 et
2136 1259 2320 1301 circense
2340 1259 2536 1300 ludicrum

407 1331 572 1381 edebat,
622 1326 758 1366 habitu
797 1326 967 1377 aurigae
1004 1325 1226 1375 permixtus
1264 1326 1371 1376 plebi
1401 1329 1468 1368 vel
1499 1325 1704 1367 curriculo
1735 1326 1942 1369 insistens.
1999 1328 2113 1369 Unde
2144 1328 2338 1367 adversus
2367 1327 2535 1368 sontes“

408 1398 506 1447 (sed
547 1406 627 1434 nou
663 1392 841 1432 incendii
878 1398 1084 1445 auctores,
1114 1405 1194 1442 quo
1225 1393 1392 1434 crimine
1422 1394 1592 1434 Tacitus
1621 1393 1710 1442 ipse
1740 1405 1811 1433 cos
1840 1395 2093 1445 absolverat)
2118 1399 2190 1445 „et
2219 1392 2438 1432 novissima
2466 1405 2535 1434 ex·

408 1461 569 1511 empla“
600 1459 648 1515 (i.
679 1475 716 1501 e.
747 1474 899 1509 poenas
929 1459 1218 1514 gravissimas)
1249 1461 1476 1513 ‚,meritos“
1506 1463 1581 1511 (ob
1614 1461 1746 1501 odium
1775 1460 1943 1509 generis
1973 1460 2178 1509 bumanil]
2207 1460 2412 1499 miseratio
2432 1460 2535 1500 orie·

407 1530 539 1583 batur,
570 1531 801 1576 tanquam
831 1538 923 1566 non
953 1523 1183 1567 utilitate
1221 1525 1444 1581 publica,
1478 1529 1550 1569 sed
1579 1525 1621 1567 in
1651 1525 1861 1568 saevitiam
1891 1523 2011 1568 unius
2039 1525 2388 1568 absumerentur.‘⁴
2445 1527 2536 1567 Non

407 1593 728 1644 vituperavisset
756 1591 884 1643 igitur
914 1591 1083 1632 'l'acitus
1113 1594 1214 1633 haec
1245 1592 1547 1634 Christauorum
1576 1593 1791 1648 supplicia,
1821 1593 1917 1643 quin
1937 1594 2237 1641 comprobasset
2257 1596 2298 1633 et
2316 1594 2535 1641 laudasset,

406 1662 614 1702 dummodo
650 1659 692 1697 in
733 1657 944 1698 utilitatem
981 1658 1182 1707 publicam
1222 1666 1363 1699 essent
1390 1659 1611 1711 interfecti,
1642 1663 1732 1700 dum
1761 1661 1802 1699 in
1831 1660 2039 1711 imperium
2068 1661 2289 1699 Romanum
2317 1671 2371 1698 ex
2400 1671 2536 1699 eorum

408 1732 534 1770 caede
570 1725 721 1776 aliquid
750 1723 858 1766 lucri
885 1728 1162 1767 redundasset.
1220 1729 1334 1767 Ecce
1363 1726 1545 1767 doctrina
1571 1738 1740 1775 prorsus
1769 1729 2024 1768 detestanda!
2062 1728 2155 1767 Non
2183 1725 2288 1778 ideo,
2329 1729 2434 1775 quod
2463 1738 2538 1767 nos

409 1794 539 1835 eidem
576 1790 855 1844 superstitioni
891 1804 1030 1833 sumus
1068 1791 1230 1846 addicti,
1268 1795 1342 1833 sed
1377 1795 1482 1842 quod
1519 1792 1612 1834 iude
1650 1793 1854 1847 sequitur,
1891 1799 1937 1833 ut
1974 1791 2106 1833 omnia
2135 1792 2301 1846 liceant,
2329 1795 2537 1834 dummodo

407 1860 562 1901 utilitas
597 1859 764 1908 publica
800 1863 1087 1910 conservetur,
1119 1859 1348 1911 adjuvetur,
1386 1861 1599 1910 augeatur.
1657 1862 1743 1900 cfr.
1772 1858 1960 1911 Agricol.
1990 1872 2027 1898 c.
2058 1861 2113 1898 ⁴2
2141 1858 2210 1898 ubi
2239 1858 2357 1898 etiam
2386 1865 2537 1900 sartum

406 1931 556 1968 tectum
585 1930 670 1983 est,
696 1935 890 1965 summum
920 1927 1038 1965 finem
1067 1924 1105 1965 ei
1136 1938 1231 1966 esse
1259 1924 1522 1974 Reipublicae
1552 1924 1785 1967 utilitatem=
1816 1924 2001 1979 ,‚Sciant,
2032 1924 2178 1975 quibus
2207 1924 2343 1978 moris,
2379 1924 2537 1967 inlicita

405 1993 556 2045 mirari,
585 2005 707 2041 posse
737 1992 857 2031 etiam
887 1995 962 2032 sub
991 1992 1108 2032 malis
1139 1991 1385 2040 principibus
1415 2003 1586 2043 magnos
1616 1993 1726 2033 viros
1744 2005 1862 2034 esset
1892 1991 2206 2040 obsequiumque
2221 2003 2272 2032 ac
2285 1992 2532 2045 modestiam,

408 2059 444 2101 si
473 2057 672 2100 industria
701 2069 748 2096 ae
780 2058 899 2108 vigor
928 2059 1072 2109 adsint,
1103 2071 1151 2098 eo
1181 2058 1314 2099 laudis
1346 2061 1560 2111 excedere,
1582 2071 1660 2108 quo
1682 2058 1863 2108 plerique
1879 2073 1950 2109 per
1968 2061 2149 2108 abrupta,
2171 2057 2324 2098 sedin
2347 2061 2534 2099 nullum

405 2123 748 2174 Reipublicae
779 2135 911 2175 usum,
943 2123 1154 2163 ambitiosa
1183 2128 1306 2163 morte
1337 2123 1655 2165 inclaruerunt.“
1714 2127 1761 2164 In
1790 2126 1866 2164 bac
1896 2123 2096 2165 sententia
2124 2123 2230 2164 inest
2258 2123 2374 2172 quasi
2405 2123 2535 2165 clavis

405 2195 454 2232 ad
484 2194 678 2232 Veterum
708 2191 927 2231 doctrinam
958 2193 1009 2230 de
1038 2191 1261 2241 republica,
1294 2194 1343 2229 de
1374 2203 1453 2239 qua
1482 2203 1571 2239 nos,
1604 2191 1769 2230 meliora
1798 2191 1943 2241 edocti,
1976 2190 2093 2230 aliter
2118 2190 2356 2239 judicamus.
2417 2194 2535 2232 Haud

406 2258 524 2299 dubie
554 2257 658 2298 idem
688 2261 806 2297 locus
837 2255 1102 2309 Tertulliano,
1133 2269 1281 2296 severo
1311 2255 1371 2296 illi
1400 2256 1576 2298 omnium
1606 2255 1859 2296 Christianae
1889 2255 1983 2296 ndei
2012 2255 2260 2297 inimicorum
2281 2256 2533 2311 castigatori,

407 2328 456 2366 ob
495 2327 636 2365 oculos
673 2328 861 2364 versatus
899 2328 963 2363 est
999 2322 1209 2364 scribenti:
1258 2323 1460 2376 „Tacitus
1497 2323 1794 2363 mendaciorum
1830 2323 2238 2376 eloquentissimns‚“
2277 2323 2346 2363 cui
2378 2324 2533 2372 judicio

407 2390 601 2432 neminem
631 2389 950 2440 subscripturum
980 2403 1075 2431 esse
1105 2392 1274 2431 confido.
1333 2394 1469 2443 Juvat,
1501 2395 1700 2440 postremo
1731 2388 2004 2431 Hoffmeisteri
2034 2392 2158 2431 verba
2186 2393 2330 2430 afferre
2368 2403 2404 2440 p.
2436 2393 2534 2432 131.

408 2457 686 2508 „Diejenigen
717 2464 834 2498 unter
863 2469 955 2509 uns,
987 2460 1151 2496 welche
1180 2469 1256 2496 nur
1285 2459 1358 2495 das
1377 2459 1686 2508 Hergebracbte
1705 2461 1781 2507 gut
1798 2456 1964 2495 heissen
1985 2458 2065 2495 und
2085 2458 2191 2495 alles
2209 2455 2329 2496 Neue
2349 2458 2534 2497 schlecln

406 2527 485 2563 und
525 2523 757 2572 gefa'hrlich
793 2526 938 2573 finden,
979 2527 1149 2564 wurden
1186 2523 1256 2563 mit
1285 2523 1392 2563 ihrer
1422 2523 1598 2574 eigenen
1628 2522 1801 2562 Ansicht
1820 2523 1873 2562 im
1889 2522 2207 2570 Widerspruohe
2228 2524 2386 2573 stehen,
2409 2535 2531 2562 wenn

405 2588 465 2630 sie
504 2587 673 2628 Tacitus
711 2591 961 2629 verdammen
1000 2592 1192 2642 wellten,
1231 2591 1335 2630 denn
1373 2591 1445 2630 das
1483 2588 1785 2632 Christenthum
1822 2601 1911 2630 war
1946 2591 2034 2630 dem
2072 2590 2218 2630 Rdmer
2246 2590 2398 2630 damals
2427 2592 2531 2630 auch

406 2662 536 2694 etwas
566 2659 732 2705 Neues3
764 2661 804 2694 et
834 2658 971 2704 paullo
1001 2655 1196 2696 inferius:
1228 2659 1347 2708 „Und
1376 2659 1478 2695 doch
1509 2658 1626 2695 stand
1654 2659 1743 2695 dem
1773 2655 1913 2696 Geiste
1933 2658 2007 2695 des
2027 2654 2363 2708 Christenthums,
2384 2657 2529 2696 dessen

405 2726 523 2762 Form
552 2736 596 2762 er
626 2725 824 2776 verwarr,
856 2721 1066 2761 vielleicht
1096 2720 1191 2761 kein
1222 2721 1516 2762 Schriftsteller
1547 2725 1685 2775 naher,
1717 2725 1780 2762 als
1810 2720 1992 2763 Tacitus.
2039 2723 2159 2762 Aucb
2188 2720 2268 2760 ihm
2296 2723 2527 2777 gene1,ge-

404 2794 531 2841 nugte
561 2788 674 2828 aeine
701 2787 796 2829 Zeit
825 2787 956 2840 nicht3
987 2801 1032 2829 er
1060 2791 1177 2828 stand
1207 2792 1306 2828 uber
1337 2789 1487 2830 seinem
1519 2792 1676 2840 Volke3
1708 2792 1787 2830 und
1823 2788 1914 2830 eine
1943 2787 2190 2840 gewaltige,
2220 2789 2316 2828 aber
2339 2792 2529 2832 trostlose

403 2858 632 2896 Sehnsucht
663 2859 765 2895 nach
796 2859 886 2896 dem
915 2859 1094 2896 Bessern
1123 2858 1206 2895 lebt
1234 2855 1275 2893 in
1307 2855 1458 2895 seinem
1487 2860 1638 2897 Busen.
1682 2860 1771 2896 Nur
1802 2860 1868 2896 fiir
1897 2858 1970 2895 des
2000 2854 2319 2894 Christenthums
2338 2855 2526 2907 positive,

402 2920 513 2961 nicht
548 2920 672 2961 tiefer
708 2926 885 2962 errasste
923 2924 1056 2963 Lebre
1095 2933 1183 2961 war
1223 2935 1267 2961 er
1304 2923 1654 2975 unemprtinglich:
1692 2923 1747 2963 im
1783 2925 1942 2973 beben,
1991 2920 2102 2961 nieht
2137 2922 2237 2961 uber
2272 2924 2359 2964 dem
2389 2925 2525 2963 Leben

400 2989 544 3029 suebte
574 3000 618 3029 er
649 2991 725 3027 den
756 2988 921 3028 Trost.“
