2920 3576
1205 301 1218 304 -
1230 300 1736 308 ---.—..-—-..——-.-

402 416 550 461 neque
586 401 760 448 foedius
797 402 1043 449 videbatur.
1103 401 1197 447 Sed
1235 401 1463 447 audiamus
1498 403 1699 448 Tacitum
1739 408 1904 462 ipsum:
1951 404 2039 460 „ld
2076 407 2253 451 facinus
2288 415 2390 466 post
2427 424 2527 461 eon·

402 493 535 537 ditam
571 494 723 538 urbem
760 492 1131 539 luctuosissimum
1166 489 1555 546 foedissimumque
1598 493 1728 550 Reip.
1767 494 1927 552 Populi
1965 494 2155 540 Romani
2189 496 2377 542 accidit:
2407 499 2531 545 nullo

402 587 591 628 externo
620 583 773 638 hoste,
803 581 1092 640 propitiis,
1122 581 1170 624 si
1199 592 1296 638 per
1330 592 1507 625 mores
1536 586 1756 625 nostros
1777 582 2000 638 liceret,
2032 584 2193 641 Deis,
2223 586 2376 632 sedem
2392 587 2529 635 Jovls

405 672 459 718 0.
497 674 557 718 Μ.
588 673 818 731 auspieato
847 685 874 717 a
910 671 1173 729 majoribus,
1221 672 1388 730 pignus
1423 669 1677 728 Imperii1),
1719 672 1954 728 conditam,
2004 686 2137 731 qnam
2170 687 2260 719 uon
2294 677 2529 725 Persam:

405 762 555 807 dedita
590 763 723 816 urbe,
759 774 905 821 neque
943 761 1064 806 Galli
1092 766 1236 819 capta,
1265 765 1487 806 temerare
1516 763 1779 817 potuissent,
1810 763 1960 806 furore
1989 762 2244 822 Prindpm
2272 768 2527 813 exscindi!

405 851 459 896 Si
495 853 620 897 vitiis
656 851 979 897 abstineremus
1016 854 1064 897 et
1098 852 1307 896 virtutem
1343 850 1614 904 coleremus,
1661 853 1792 897 etiam
1828 852 1907 896 Dii
1947 852 2078 896 nobis
2120 860 2278 900 essent
2330 859 2522 915 propitii,

405 945 565 998 coepta
602 945 767 984 nostra·
788 941 997 985 foverent
1033 945 1080 984 et
1114 939 1171 984 ad
1207 941 1363 983 bouum
1401 941 1746 997 exoptatumque
1776 942 1942 985 exitum
1973 943 2297 1001 perducerent3
2322 959 2351 988 a
2379 947 2522 990 seele-

405 1030 514 1072 ratis
551 1042 660 1073 vero
696 1041 802 1072 sese
836 1033 1043 1073 avertant
1077 1041 1271 1073 necesse
1309 1034 1404 1085 θεῖς
1442 1030 1613 1087 flagitia
1651 1035 1803 1074 nostra
1833 1030 2094 1089 propulsant
2123 1035 2249 1087 quasi
2278 1047 2332 1077 ac
2359 1035 2521 1091 sugant

406 1119 545 1162 Deos.
603 1119 680 1162 Ex
711 1118 840 1161 bonis
867 1119 1060 1161 moribus
1089 1117 1254 1176 pendet
1283 1118 1477 1162 Deorum
1507 1119 1647 1162 favor.
1706 1120 1865 1175 Neque
1895 1119 2127 1174 quidquam
2157 1126 2243 1173 est,
2274 1121 2389 1175 quod
2417 1123 2522 1167 buic

406 1207 658 1250 sententiae
686 1216 973 1262 opponentne,
1004 1219 1135 1267 quum
1164 1205 1420 1251 Christiana
1449 1206 1613 1267 religio
1642 1218 1823 1266 prorsus
1851 1206 1964 1254 idem
1996 1207 2216 1263 doceam)

521 1398 570 1447 1)
600 1396 664 1435 ne
701 1394 911 1449 Capitolio,
941 1398 1044 1446 quod
1075 1395 1324 1437 aeternitatis
1357 1398 1416 1445 rei
1452 1400 1654 1440 Romanae
1683 1398 1950 1442 certissimum
1979 1400 2128 1451 pignus
2166 1402 2405 1451 habebatur,
2444 1405 2524 1443 cfr.

411 1466 546 1504 Horat.
577 1465 639 1505 od.
674 1466 721 1516 1.‚
752 1465 822 1517 37,
854 1466 894 1504 6.
954 1465 1034 1505 111.
1063 1466 1107 1519 ³,
1136 1464 1192 1504 48
1221 1468 1263 1504 et
1292 1466 1371 1505 ΠΙ.
1401 1467 1471 1519 30,
1501 1467 1542 1507 8.

521 1533 571 1582 2)
602 1530 758 1580 opponi
786 1530 944 1581 quidem
973 1529 1069 1574 mibi
1098 1530 1245 1582 possit,
1295 1531 1481 1573 'l'aoitum
1509 1531 1645 1573 odisse
1675 1532 1989 1574 Christianorum
2017 1533 2275 1584 religionem3
2319 1543 2406 1573 eam
2442 1544 2522 1577 m

409 1598 539 1637 minus
567 1609 684 1647 quam
713 1597 920 1638 Judaieam
949 1597 1304 1651 „superstitionem
1332 1598 1608 1650 exitiabilem‘⁴
1635 1601 1811 1651 appellat
1837 1601 2091 1641 Annal.XV.
2103 1602 2159 1640 44
2175 1605 2215 1640 et
2244 1597 2521 1655 Annam,

408 1668 464 1704 32
493 1664 846 1717 „superstitionem
875 1664 1130 1706 externam.“
1186 1666 1279 1704 Non
1307 1665 1426 1706 aliter
1453 1659 1610 1706 Plinius
1638 1665 1679 1704 in
1708 1665 1883 1715 epistola
1910 1666 1966 1705 47
1997 1668 2073 1717 (al.
2103 1667 2182 1719 48)
2211 1670 2261 1707 ad
2278 1665 2521 1717 wrsJaaumz

408 1730 761 1784 „superstitionem
796 1743 959 1781 pravam
993 1737 1036 1771 et
1070 1731 1349 1773 immodicam“
1387 1739 1428 1773 et
1464 1734 1681 1774 Suetonius
1719 1733 1785 1784 (in
1820 1732 1903 1773 vita
1939 1732 2115 1774 Neronis
2151 1746 2189 1773 ο.
2228 1732 2311 1788 to)-
2350 1745 2524 1786 „super-

409 1798 612 1840 stitionem
641 1808 785 1838 vanam
814 1802 855 1837 et
883 1797 1136 1838 maleficam“
1165 1797 1316 1840 dieunt.
1374 1801 1460 1841 cfr.
1491 1802 1604 1842 Suet.
1633 1798 1715 1840 vita
1745 1797 1904 1840 Claudii
1933 1810 1970 1838 e.
2000 1800 2067 1840 25.
2128 1800 2209 1841 Sed
2244 1811 2328 1841 non
2361 1800 2527 1853 eognita

409 1866 547 1906 babuit
575 1865 744 1905 'l'aoitus
779 1863 903 1913 hujus
939 1863 1151 1916 religionis
1186 1867 1396 1917 praeelara
1430 1869 1666 1918 praecepta,
1703 1876 1807 1916 quae
1845 1870 2057 1914 perspecta
2092 1872 2134 1906 et
2169 1866 2331 1917 penitus
2359 1865 2526 1918 oognita

410 1933 504 1982 ejus
541 1944 708 1973 aeumen
736 1931 882 1973 mentis
910 1932 1132 1980 improbare
1160 1944 1238 1971 nou
1267 1932 1450 1982 potuisse
1478 1932 1659 1972 arbitror.
1715 1932 1908 1985 Accedit,
1939 1935 2043 1981 quod
2073 1933 2242 1974 Tacitus
2271 1944 2432 1974 omnem*
2461 1944 2526 1974 re·

409 1998 578 2051 ligionis
607 2001 780 2053 cultum,
817 2011 841 2038 a
877 1997 1067 2039 Romanis
1104 1996 1234 2038 saeris
1270 2001 1559 2051 adnot-rentem,
1590 2000 1730 2039 eodem
1759 1998 1916 2039 nomine
1945 2003 2134 2050 appellat.
2193 2000 2265 2040 sic
2294 2000 2527 2051 Aegyptios

411 2067 542 2119 (nist.
573 2069 609 2118 Ι,
639 2068 718 2118 11)
749 2064 1064 2118 „superstitione
1094 2070 1135 2105 ot
1162 2064 1332 2105 lascivia
1358 2065 1623 2115 discordes“;
1652 2065 1950 2105 Alexandrinos
1987 2067 2117 2116 (nist.
2147 2068 2225 2120 IV,
2255 2068 2335 2118 81)
2371 2064 2525 2119 „Dedi-

411 2141 490 2175 tam
518 2131 870 2182 superstitionibus
898 2130 1115 2183 geutem;“
1143 2131 1358 2174 Britannos
1388 2133 1517 2184 (Anu.
1545 2133 1665 2184 xw,
1693 2129 1770 2185 30)
1800 2131 1968 2186 „saevis
1997 2132 2347 2180 superstitionibus
2383 2144 2540 2173 sauros·

411 2203 558 2240 habere
594 2198 743 2238 ludos“
778 2197 888 2236 dicit.
948 2199 1030 2238 cfr.
1067 2201 1199 2237 Germ.
1236 2209 1272 2238 o.
1309 2201 1365 2237 39
1401 2204 1442 2238 et
1477 2196 1582 2237 flist.
1619 2199 1695 2249 IV,
1733 2198 1812 2237 64⁸
1849 2198 2164 2250 „superstitione
2194 2209 2298 2238 vana
2326 2201 2526 2238 canebant

412 2265 635 2306 Druidaef‘
693 2267 935 2312 Quamquam
974 2263 1134 2302 infleias
1170 2263 1230 2302 ire
1266 2276 1346 2303 non
1381 2275 1559 2316 possum,
1594 2262 1777 2303 Tacitum
1815 2264 1979 2313 dignuin
2016 2276 2124 2316 esse,
2163 2264 2232 2313 qui
2264 2263 2444 2314 inprimis
2473 2268 2524 2306 ob

412 2332 552 2374 ultima·
579 2333 702 2371 verba
731 2331 877 2370 Annal.
907 2332 1005 2383 XV,
1036 2332 1091 2370 44
1120 2329 1381 2380 vituperetur.
1441 2333 1579 2372 Sermo
1606 2328 1664 2370 ibi
1692 2334 1756 2369 est
1784 2332 1833 2369 de
1861 2328 2045 2373 incendio
2076 2332 2238 2382 Romae,
2275 2334 2380 2379 quod
2415 2333 2525 2373 Nero

412 2404 554 2440 furens
580 2397 772 2449 jusserat,
803 2396 924 2446 eujus
953 2404 1084 2437 tamen
1113 2404 1301 2439 auctores
1330 2396 1579 2438 Christianos
1608 2410 1703 2437 esse
1732 2398 1962 2437 simulabatt
1999 2398 2141 2448 „Ergo
2162 2398 2362 2440 ‘abolendo
2376 2399 2527 2440 rumori

414 2469 525 2507 Nero
561 2463 735 2507 subdidit
770 2475 862 2503 reos
900 2470 940 2503 et
977 2463 1290 2512 quaesitissimis
1327 2464 1466 2513 poenis
1502 2463 1667 2506 adfeoit.
1725 2466 1879 2504 Auctor
1907 2462 2074 2503 nominis
2104 2462 2195 2512 ejus
2225 2463 2426 2516 cbristus,
2456 2465 2525 2514 qui

415 2530 576 2578 'tiberio
622 2529 891 2580 imperitante,
942 2541 1013 2578 per
1056 2532 1360 2573 Procuratorem
1404 2530 1586 2572 Pontium
1622 2528 1792 2570 Piiatum
1829 2527 2024 2578 supplicio
2061 2530 2249 2568 adfectus
2285 2535 2384 2569 erat.
2443 2532 2523 2570 Re·

415 2610 637 2650 pressaque
669 2597 712 2636 in
748 2609 941 2645 praesens
978 2595 1197 2639 exitiabilis
1234 2596 1467 2646 superstitio
1504 2611 1644 2638 rursus
1679 2599 1919 2649 erumpebat,
1956 2594 2233 2644 originemque
2263 2595 2355 2644 ejus
2384 2595 2523 2647 mali,

416 2668 488 2705 sed
517 2677 589 2715 per
616 2666 751 2703 urbem
781 2662 913 2711 etiam,
950 2674 1043 2712 quo
1073 2670 1256 2703 cuneta
1284 2663 1505 2712 undique
1534 2662 1728 2703 atrocia
1759 2669 1838 2700 ant
1869 2663 2091 2711 pudenda
2133 2664 2402 2701 confluunt
2439 2673 2524 2702 oe·

416 2731 824 2778 lebrantnrque.“
882 2731 953 2779 (ln
983 2729 1046 2767 bis
1077 2730 1212 2777 verbis
1242 2730 1351 2768 inest
1378 2729 1678 2772 acerbissimum
1707 2734 1746 2766 et
1783 2727 2069 2778 gravissimum
2108 2738 2226 2776 quum
2256 2729 2409 2768 Romae
2444 2735 2529 2768 tum

418 2795 729 2845 christianorum
764 2794 932 2847 odium).
992 2794 1157 2847 „Igitur
1191 2794 1314 2844 primo
1352 2795 1554 2847 contemti,
1591 2794 1659 2845 qui
1697 2796 1944 2845 fatebantur,
1984 2793 2147 2845 deinde,
2184 2791 2334 2834 indicio
2374 2806 2526 2847 eorum,

418 2863 627 2915 multitudo
654 2862 819 2917 ingens,
847 2864 953 2903 band
980 2861 1143 2911 perinde
1173 2861 1337 2903 erimine
1365 2861 1555 2916 inoendii,
1585 2873 1700 2911 qnam
1730 2860 1841 2900 odio
1871 2859 2064 2900 humani
2085 2858 2318 2914 generis,
2352 2859 2532 2901 convicti

420 2931 560 2971 sunt.“
618 2928 799 2983 (Crimen
835 2940 934 2979 ergo
973 2929 1144 2976 capitale
1181 2935 1267 2968 erat
1303 2928 1498 2979 fictitium,
1541 2934 1596 2981 et,
1634 2930 1683 2966 ob
1720 2930 1823 2976 quod
1857 2927 2138 2979 puniebantur,
2172 2926 2215 2966 id
2233 2928 2413 2969 *l'acitus
2441 2927 2531 2978 ipse

419 3001 573 3046 refutat
607 3007 657 3043 ao
691 2994 844 3046 diluit.)
903 2997 988 3050 „Et
1021 2993 1280 3050 pereuntibus
1310 2993 1442 3038 addita
1477 2993 1668 3047 ludibria,
1697 2998 1741 3034 ut
1777 2997 1954 3039 terarum
1982 2993 2113 3046 tergis
2142 2993 2341 3047 oonteeti,
2379 2993 2531 3036 laniatu

2212 3061 2261 3106 8·
