2920 3576
1427 208 1502 253 18

1634 269 1740 278 Ἀ.

410 378 583 423 sianum
615 375 919 422 inclinationis
950 385 1041 420 non
1074 373 1220 432 addit3
1256 374 1448 420 sortasse
1483 371 1584 420 ideo
1619 374 1816 421 Deorum
1851 375 2042 434 gratiam
2077 374 2165 421 sibi
2194 372 2523 433 conciliaverat,

411 460 527 520 quod
564 461 688 506 vitiis
723 464 957 509 abstinens
992 464 1128 509 vitam
1164 464 1287 525 frugi
1322 467 1369 509 et
1391 465 1559 521 ⁸iustam
1588 469 1770 522 egerat3
1812 466 1925 520 quod
1954 466 1996 508 si
2023 477 2252 523 ponamus,
2286 477 2385 510 cum
2414 463 2524 508 locis

408 564 543 609 supra
570 555 823 598 memoratis
851 553 1035 598 mirifice
1064 556 1275 599 convenit
1303 554 1417 599 baec
1445 555 1682 598 sententia.
1739 556 1951 598 Fortasse
1981 555 2095 599 banc
2123 556 2179 599 ob
2209 567 2303 599 rem
2339 554 2522 610 subiun-

410 641 529 684 ctivo
563 640 690 685 nodo
725 642 1194 698 „ostenderetur“
1229 658 1339 689 usus
1375 648 1468 698 est,
1513 647 1562 687 ut
1597 642 1828 686 consilium
1863 656 2012 686 eorum
2047 643 2120 688 hic
2155 648 2376 687 narratum
2414 655 2522 687 esse

408 728 733 789 manifestaret,
770 744 909 789 quare
945 732 1207 778 vertendum
1243 746 1408 778 censeo
1445 744 1535 776 non
1571 744 1669 775 cum
1708 730 2039 776 Strombeckio:
2069 730 2282 776 wodurch
2311 731 2412 776 eine
2439 744 2520 790 ge·

408 816 549 862 wisse
563 818 844 879 zuneigung
862 820 941 867 der
949 820 1108 866 Gotter
1123 823 1371 881 angezeigt
1388 819 1558 875 wurde,
1579 819 1661 865 sed
1680 822 1825 878 potius
1843 820 2122 879 „angezeigt
2141 819 2328 865 werden
2344 820 2521 865 sollte.“

521 897 698 951 Initium
735 909 948 953 orationis
983 909 1178 954 Muciani
1213 910 1344 955 etiam
1383 910 1551 956 favoris
1587 907 1729 955 divini
1766 910 2028 955 mentionem
2064 909 2191 963 facit,
2228 907 2397 953 Histor.
2435 906 2518 962 lv,

409 996 485 1039 85:
524 994 772 1051 „Quoniam
809 997 1159 1056 benignitate
1195 998 1363 1043 Deum
1399 999 1569 1042 fractae
1606 999 1728 1043 vires
1765 998 1955 1043 hostium
1984 999 2144 1052 forent,
2174 1009 2324 1054 parum
2355 996 2516 1041 decore

407 1083 720 1141 Domitianum,
750 1087 954 1131 confecto
982 1100 1120 1146 prope
1149 1087 1283 1143 bello,
1310 1088 1487 1131 alienae
1514 1087 1688 1146 gloriae
1716 1088 2114 1130 interventurum.“
2143 1080 2245 1128 Non
2274 1086 2413 1128 solum
2430 1086 2518 1134 hic,

410 1173 488 1215 sed
527 1176 700 1217 omnino
739 1175 1173 1220 animadvertendum
1202 1181 1289 1231 est,
1317 1179 1374 1235 in.
1392 1177 1676 1230 orationibuS,
1707 1189 1819 1232 quas
1849 1182 2031 1219 veteres
2059 1177 2302 1231 scriptores
2332 1174 2517 1217 ducibus

408 1264 704 1317 exercituum,
753 1265 1028 1318 consulibus,
1076 1267 1414 1322 imperatoribus
1449 1267 1712 1321 subjiciunt,
1762 1278 1840 1307 eos
1878 1268 2128 1320 exprimere
2163 1277 2287 1306 suam
2325 1265 2518 1318 ipsorum

407 1350 671 1406 opinionem,
702 1351 822 1395 sicut
849 1357 980 1411 poeta
1008 1355 1212 1411 tragicus
1239 1355 1286 1395 in
1315 1354 1449 1398 choro
1478 1366 1641 1396 sensus
1668 1367 1776 1397 suos
1804 1354 1946 1398 libere
1974 1353 2213 1409 profitetur.

519 1439 615 1481 Sed
642 1441 699 1481 ad
728 1443 932 1484 Annales
961 1447 1032 1484 est
1059 1442 1360 1485 accedendum
1389 1449 1435 1484 et
1462 1443 1713 1496 videndum,
1742 1457 1844 1485 num
1874 1445 2006 1485 etiam
2034 1454 2095 1484 ex
2121 1443 2180 1483 iis
2208 1441 2294 1483 loci
2317 1441 2516 1483 favorem

409 1531 454 1569 et
484 1528 802 1589 benignitatem
839 1532 986 1575 Deum
1022 1532 1316 1575 testificantes
1351 1532 1448 1573 erui
1482 1536 1656 1585 queant.
1714 1532 1879 1574 Annal.
1915 1530 1995 1585 11.‚
2025 1543 2064 1573 c.
2096 1531 2174 1573 40:
2204 1527 2517 1586 „Vulgabatur

406 1615 580 1658 interim
616 1631 696 1672 per
735 1617 931 1673 Italiam,
978 1625 1204 1664 servatum
1240 1631 1457 1662 munere
1485 1619 1651 1662 Deum
1690 1619 1970 1679 Agrippam“
2008 1618 2313 1674 (Posthumum
2350 1625 2514 1671 cogno-

404 1704 643 1760 minatum.)
701 1705 766 1749 Et
802 1708 888 1750 An.
926 1707 1022 1762 XI,
1054 1711 1108 1752 15
1136 1707 1337 1763 „Retulit
1365 1706 1600 1763 (Claudius
1628 1709 1863 1764 imperator
1891 1710 1948 1754 ad
1978 1707 2216 1757 Senatum)
2223 1736 2292 1746 .....
2322 1708 2368 1748 et
2395 1703 2517 1747 laeta

407 1792 579 1850 quidem
609 1794 656 1837 in
685 1806 901 1850 praesens
929 1798 1099 1852 omnia3
1129 1796 1211 1840 sed
1239 1796 1582 1854 benignitati
1601 1796 1767 1841 Deum
1797 1797 1986 1855 gratiam
2005 1792 2299 1847 referendam,
2328 1804 2387 1835 ne
2404 1791 2515 1833 ritus

406 1893 653 1936 sacrorum,
689 1883 808 1927 inter
841 1883 1048 1941 ambigua
1086 1884 1215 1938 culti,
1254 1896 1334 1940 per
1369 1896 1582 1941 prospera
1611 1882 2014 1927 oblitterarentur.“
2071 1881 2158 1926 Est
2188 1890 2332 1922 sermo
2361 1877 2417 1921 de
2446 1889 2513 1920 re·

404 1970 597 2014 linendis
625 1976 757 2028 atque
787 1972 1072 2017 restituendis
1101 1972 1439 2030 HaruspicibuS‚
1469 1974 1545 2029 qui
1569 1974 1661 2028 jam
1689 1973 1735 2013 in
1765 1984 1819 2014 eo
1850 1974 1991 2024 erant,
2020 1974 2069 2012 ut
2096 1969 2393 2012 abolerentur.

519 2058 660 2113 Quum
699 2061 864 2104 Romae
900 2062 1038 2105 fames
1072 2062 1282 2115 instaret,
1318 2073 1434 2116 quae
1468 2061 1515 2102 in
1545 2059 1795 2117 prodigium
1823 2058 2140 2115 accipiebatur,
2178 2060 2223 2099 et
2258 2054 2512 2111 periculum,

405 2163 461 2194 ne
490 2154 555 2194 tot
583 2149 719 2193 millia
747 2150 989 2203 hominum,
1038 2151 1112 2205 qui
1141 2156 1231 2194 tum
1260 2150 1427 2193 Romae
1457 2148 1691 2203 vivebant,
1735 2149 1954 2203 perirent,
1998 2148 2043 2189 in
2074 2144 2171 2189 dies
2201 2148 2427 2186 cresceret
2456 2165 2510 2173 —-

405 2252 504 2284 nam
540 2237 788 2297 quindecim
826 2241 991 2281 tantum
1029 2237 1194 2280 dierum
1232 2237 1441 2282 alimenta
1476 2236 1789 2293 superfuerant
1824 2250 1900 2278 -ε
1931 2235 2033 2278 huic
2061 2231 2298 2277 calamitati
2325 2230 2510 2286 (Annal.

407 2327 520 2384 XII,
558 2341 596 2372 c.
634 2325 709 2381 43)
760 2326 959 2386 „Magna
996 2327 1138 2370 Deum
1178 2326 1530 2385 benignitate
1567 2330 1614 2369 et
1649 2325 1863 2369 modestia
1900 2323 2087 2368 hiemis“
2134 2321 2397 2364 subventum
2427 2323 2511 2361 est.

407 2418 657 2463 Periculum
689 2420 760 2459 est
787 2421 975 2458 amotum
1005 2416 1133 2458 bonis
1164 2429 1263 2458 cum
1292 2415 1409 2470 Diis,
1439 2415 1515 2458 vel
1545 2415 1690 2470 potius
1719 2413 1832 2467 quod
1863 2413 1940 2455 Dii
1968 2416 2055 2454 tam
2075 2410 2234 2460 lenem,
2254 2420 2281 2450 a
2302 2405 2514 2463 procellis

405 2509 586 2551 liberam
622 2509 668 2548 et
696 2505 839 2547 mitem
879 2505 1119 2547 effecerant
1147 2504 1336 2559 hiemen,
1367 2508 1415 2548 ut
1442 2507 1621 2560 praeter
1651 2500 2011 2544 consuetudinem
2041 2499 2172 2541 etiam
2202 2496 2287 2540 hoc
2315 2502 2511 2551 tempore

403 2609 545 2640 naves
576 2593 853 2637 Alexandria
882 2605 928 2637 et
947 2608 1006 2639 ex
1021 2593 1122 2637 aliis
1144 2593 1356 2649 portubus
1375 2594 1510 2636 acciri
1530 2595 1727 2649 possent,
1748 2602 1859 2646 quae
1879 2588 2140 2632 frumentum
2160 2584 2510 2642 appan-tarento

520 2830 570 2878 ί)
600 2825 806 2867 Dissentio
833 2825 959 2877 igitur
987 2826 1028 2866 iu
1057 2826 1364 2875 interpretandis
1399 2826 1465 2866 his
1494 2826 1627 2866 verbis
1656 2829 1704 2864 ab
1735 2820 2029 2872 Hoffmeistero,
2059 2818 2128 2868 qui
2156 2831 2193 2867 p.
2225 2819 2310 2859 112
2339 2820 2391 2860 ad
2417 2820 2457 2858 b.
2485 2820 2514 2859 Ι.

404 2898 507 2934 baec
543 2896 684 2934 babet.-
721 2894 793 2944 „iu
831 2895 1012 2932 welcher
1048 2896 1176 2934 Stelle
1209 2894 1306 2943 jene
1342 2895 1447 2934 cute
1483 2896 1553 2933 der
1590 2894 1728 2933 Gotter
1757 2890 1882 2930 durch
1913 2890 1985 2929 das
2014 2884 2279 2938 beigerugtoz
2308 2884 2420 2939 „und
2449 2881 2514 2924 die

404 2960 656 3013 Missiguug
692 2960 764 2999 de·
801 2957 1014 3000 Winters“
1050 2959 1165 3001 aeine
1203 2965 1337 3002 ernste
1373 2957 1567 3010 religiose
1602 2956 1842 3008 Beziebuug
1870 2964 1978 3006 ganz
2009 2953 2240 2995 einbiisst.“
2270 2950 2513 3000 Neutiquam
