2920 3576
1417 237 1462 282 8

370 420 454 449 non
493 419 665 459 capax,
716 414 863 448 mente
900 403 997 445 sola
1032 398 1399 455 intelligendum,
1451 400 1567 453 quod
1604 400 1792 442 aedibus
1830 402 1996 445 includi
2035 414 2122 462 non
2170 403 2333 459 possit,
2384 403 2500 460 quod

367 492 513 538 omnia
550 496 703 548 regat,
734 491 875 546 ⁸iustis
913 488 1122 547 precibus
1158 490 1348 538 annuat,
1387 485 1647 536 modestiam
1685 492 1884 543 tueatur,
1922 490 2096 535 coelum
2134 483 2312 534 incolat.
2370 490 2500 532 Nunc

367 581 624 643 singulares
676 576 886 635 quasdam
941 577 1138 622 Deorum
1182 575 1374 620 virtutes
1412 575 1685 645 recensebo,
1726 578 1843 620 inter
1880 589 1992 632 quas
2029 550 2144 623 duae
2172 581 2289 624 inter
2316 593 2368 624 se
2398 592 2498 624 con·

367 670 530 717 trariae
561 669 772 723 eminent,
803 666 962 713 favor
991 669 1038 712 et
1066 665 1161 710 ira.
1192 663 1285 710 Cur
1313 676 1423 709 vero
1455 662 1536 706 hus
1566 661 1678 708 duas
1698 666 1904 710 notiones
1927 679 2038 724 prae
2058 649 2501 730 caeterisinsiguio't

370 760 510 813 Quum
541 759 636 802 vita
664 759 782 800 inter
810 755 1022 803 laetitiam
1054 759 1101 799 et
1128 753 1350 805 tristitiam
1380 753 1440 799 sit
1469 751 1615 796 divisa
1645 764 1889 812 omnesque
1911 731 2088 821 humani
2108 728 2295 816 generis
2315 733 2500 803 conatus

368 854 414 892 et
442 846 768 891 sollicitudines
804 845 913 888 illuc
943 844 1237 898 conveniant,
1274 846 1323 884 ut
1351 841 1535 885 alteram
1565 842 1653 889 sibi
1683 846 1826 903 paret,
1855 842 2040 887 alteram
2068 848 2260 910 avertat,
2290 822 2501 907 gaudium

366 937 505 995 igitur
543 939 588 979 et
627 934 751 978 dolor
788 933 874 977 duo
911 933 1041 990 quasi
1079 932 1171 976 sint
1209 929 1322 990 poli,
1362 930 1482 973 circa
1520 941 1634 989 quos
1672 935 1718 975 et
1759 932 1853 985 vita
1890 936 1935 976 et
1970 932 2187 990 cogitatio
2224 933 2321 978 fere
2359 936 2500 978 omnis

365 1038 472 1069 sese
510 1026 674 1078 movet,
704 1021 845 1081 (apud
876 1034 1033 1067 omnes
1070 1023 1187 1067 enim
1226 1021 1357 1069 etiam
1396 1020 1695 1077 cogitationes
1732 1020 1890 1070 relatio
1929 1020 2144 1079 quaedam
2183 1026 2229 1065 et
2259 1022 2498 1075 vinculum,

364 1113 473 1158 licet
502 1112 645 1159 oculis
675 1112 801 1157 cerni
830 1123 921 1154 non
951 1114 1100 1169 queat,
1129 1108 1334 1170 indagari
1363 1111 1511 1151 tamen
1541 1112 1586 1159 et
1614 1109 1808 1153 inveniri
1838 1114 1999 1166 potest,
2029 1109 2146 1171 quod
2176 1123 2272 1154 cam
2303 1116 2347 1155 ct
2368 1123 2499 1154 unum

363 1203 613 1247 alterumve
667 1201 820 1244 horum
866 1200 1063 1258 polorum
1109 1196 1384 1256 conjungit):
1416 1198 1546 1247 etiam
1572 1197 1743 1254 judicia
1780 1204 1954 1254 nostra,
2003 1212 2118 1263 quae
2157 1199 2213 1243 de
2251 1202 2410 1260 quavis
2449 1213 2497 1242 re

365 1291 651 1347 proferimus,
691 1288 911 1345 duplicem
950 1300 1056 1346 prae
1094 1299 1147 1330 se
1184 1286 1331 1332 ferant
1368 1286 1672 1334 characterem
1712 1300 1907 1342 necesse
1948 1293 2040 1343 est,
2078 1300 2169 1331 rem
2199 1287 2392 1347 aliquam
2422 1295 2498 1332 aut

364 1379 613 1436 improbent
653 1381 730 1421 aut
767 1378 977 1435 probent,
1026 1389 1121 1424 eam
1159 1378 1236 1423 aut
1272 1380 1502 1432 acceptam
1539 1376 1811 1433 bonamque,
1859 1381 1936 1428 aut
1972 1377 2191 1422 inimicam
2222 1375 2497 1434 judicemus;

364 1481 461 1512 eam
492 1467 643 1511 utilem
673 1472 750 1511 aut
778 1468 972 1521 noxiam,
1003 1466 1185 1510 amicam
1216 1469 1293 1510 aut
1321 1464 1628 1515 adversariam
1659 1465 1965 1536 depingamus.
2022 1467 2168 1519 Recte
2197 1468 2335 1526 igitur
2354 1467 2497 1510 omnia

365 1556 512 1601 Taciti
551 1555 607 1599 de
646 1555 751 1600 Diis
782 1554 976 1612 judicia,
1023 1554 1079 1598 de
1117 1566 1268 1598 eorum
1305 1554 1545 1598 virtutibus
1583 1558 1629 1606 et
1666 1554 1908 1599 efficientia
1946 1538 2146 1599 bifariam
2185 1555 2326 1599 dividi
2363 1567 2496 1611 posse

364 1645 588 1700 videntur,
619 1637 666 1689 ut
683 1645 805 1702 prius
834 1644 867 1687 ii
897 1644 1139 1690 afferantur
1155 1642 1257 1697 loci,
1275 1642 1320 1684 in
1352 1641 1514 1699 quibus
1542 1641 1671 1691 Deos
1701 1644 1919 1688 hominum
1942 1645 2142 1689 fautores
2172 1657 2277 1688 esse
2292 1644 2499 1709 affirmat,

361 1734 417 1777 de
455 1745 605 1777 eorum
643 1732 924 1790 benignitate
962 1736 1009 1777 et
1045 1731 1323 1786 muneribus,
1363 1731 1522 1788 quibus
1557 1731 1756 1782 cultores
1790 1746 1898 1778 suos
1936 1731 2157 1788 afficiunt,
2196 1732 2414 1790 loquitur,
2452 1740 2498 1778 et

362 1828 452 1865 tum
489 1821 580 1875 illi,
619 1820 693 1864 ubi
731 1820 786 1864 de
826 1833 975 1865 eorum
1014 1820 1182 1865 ultione
1221 1824 1267 1864 et
1303 1820 1370 1864 ira
1407 1833 1537 1878 quum
1576 1823 1623 1864 in
1660 1825 1798 1867 totum
1836 1822 2070 1871 humanum
2107 1834 2278 1877 genus,
2324 1828 2413 1866 tum
2451 1825 2495 1866 in

361 1909 568 1969 singulos
607 1908 796 1966 populos
832 1908 1093 1954 hominesve
1131 1920 1276 1952 sermo
1315 1912 1399 1952 est.
1459 1909 1537 1961 Ex
1575 1922 1661 1965 qua
1690 1908 1914 1954 divisione
1944 1910 1984 1953 si
2015 1909 2255 1964 efficiatur,
2285 1910 2493 1966 locorum,

361 1997 647 2054 posteriorem
687 1997 955 2041 sententiam
993 1996 1295 2053 adjuvantium
1333 1997 1467 2040 multo
1506 1997 1657 2054 plures
1696 2009 1815 2052 esse,
1855 2009 2023 2055 eosque
2061 2009 2150 2047 non
2179 2001 2267 2041 tam
2296 2012 2493 2055 numero,

360 2099 488 2143 quam
527 2087 573 2128 vi
611 2091 656 2127 et
693 2087 918 2143 gravitate
955 2090 1001 2129 et
1037 2084 1315 2142 argumentis
1346 2089 1392 2129 et
1421 2085 1585 2129 ambitu
1615 2085 1835 2142 prioribus
1865 2085 2110 2140 excellere,
2141 2085 2275 2130 multo
2312 2089 2493 2144 saepius

359 2177 496 2218 iratos
533 2185 661 2230 quam
703 2173 949 2218 benevolos
978 2174 1106 2217 Deos
1146 2174 1497 2227 commemorari,
1539 2172 1595 2216 de
1626 2174 1782 2230 poenis
1812 2173 1995 2230 saepius
2024 2184 2152 2229 qnam
2183 2171 2239 2216 de
2269 2176 2490 2232 praemiis,

358 2264 413 2307 de
451 2264 618 2307 ultione
657 2264 803 2323 potius
842 2275 971 2322 quam
1010 2261 1066 2308 de
1105 2262 1462 2310 remuneratione
1498 2238 1748 2305 sermonem
1787 2274 1913 2309 esse:
1952 2273 2155 2310 caussam
2187 2261 2320 2318 buJus
2350 2266 2415 2309 rei
2444 2267 2491 2308 in

358 2354 522 2396 intimis
568 2353 712 2395 Taciti
759 2353 892 2395 animi
940 2351 1220 2404 recessibus,
1270 2350 1315 2391 in
1363 2348 1484 2403 odio,
1536 2363 1623 2410 quo
1658 2356 1840 2408 'tempus
1880 2363 2005 2394 suum
2052 2354 2303 2408 contemptu
2340 2355 2491 2410 optimi

360 2444 575 2497 quusque
615 2440 926 2498 dignissimum
965 2439 1344 2496 persequebatur,
1382 2439 1576 2482 fortasse
1615 2441 1908 2484 inveniemus.
1968 2440 2182 2484 Attamen
2218 2451 2306 2484 non
2336 2453 2489 2495 omnes

360 2530 437 2572 illo
480 2535 674 2582 tempore
711 2529 924 2572 viventes
960 2538 1105 2581 aeque
1143 2526 1315 2583 oderat,
1365 2527 1573 2587 singulos
1602 2539 1768 2584 eosque
1800 2527 1987 2585 optimos
2025 2540 2227 2586 quosque
2266 2529 2487 2588 singulari

358 2617 544 2674 quodam
583 2628 729 2660 amore
761 2615 993 2671 amplexus
1024 2620 1115 2667 est,
1163 2616 1290 2660 velut
1333 2616 1518 2659 Paetum
1565 2616 1878 2671 Thraseam,¹)
1918 2615 2299 2672 Germanicum),
2329 2616 2486 2667 Helvi-

356 2707 495 2758 dium,
527 2704 790 2764 Agricolam
828 2717 1029 2746 socerum
1058 2717 1199 2757 suum,
1231 2705 1424 2769 alios;⁸)
1456 2706 1609 2749 vitium
1642 2717 1750 2748 vero
1781 2709 1825 2748 et
1855 2706 2041 2748 vitiosos
2072 2703 2174 2748 odit.

469 2921 517 2967 ¹)
551 2921 626 2955 An.
658 2919 773 2968 XVI,
806 2920 873 2955 21.
907 2928 1024 2964 quem
1057 2916 1183 2953 virum
1215 2917 1452 2956 virtutem
1481 2916 1638 2968 ipsam
1669 2919 1856 2968 appellat.
1888 2900 1892 2904 .

466 2986 516 3034 ἵ)
548 2984 629 3023 Vix
668 2985 879 3032 quidquam
919 2983 1079 3024 dulcius
1119 2990 1186 3022 aut
1224 2983 1344 3024 altius
1382 2984 1553 3035 cogitari
1593 2990 1747 3035 potest,
1788 2997 1904 3034 quam
1944 2985 2171 3025 Germanici
2207 2985 2363 3038 imag03
2415 2988 2482 3036 qui
