2920 3576
1231 324 1239 334 ι
1249 323 1499 331 -ῌ--ο-
1506 327 1745 334 --—-—--

414 443 468 486 de
515 444 761 502 principatu
807 440 1066 502 quaesitum.
1137 444 1238 487 Nou
1281 443 1536 487 discessere
1580 443 1636 487 ab
1678 446 1812 487 armis
1859 444 1903 486 in
1941 441 2177 489 Pharsalia
2224 456 2279 488 ae
2316 444 2534 504 Philippis

414 533 574 575 civium
625 533 852 593 legiones:
902 533 1060 575 nedum
1101 532 1289 576 Othonis
1338 545 1392 575 ac
1429 532 1604 574 Vitellii
1652 524 1878 576 exercitus
1927 539 2087 588 sponte
2136 535 2323 590 posituri
2373 534 2534 578 bellum

414 622 589 664 suerint.
649 620 851 664 Eadem
887 621 1023 664 illos
1062 622 1293 666 Deorum
1330 623 1435 676 ira,
1472 621 1626 664 eadem
1663 622 1880 664 hominum
1910 622 2074 677 rabieS,
2103 621 2285 666 eaedem
2314 623 2537 667 scelerum

415 722 604 754 caussae
653 711 699 753 in
744 709 1005 754 discordiam
1049 711 1236 769 egere.“
1294 711 1395 756 Jam
1445 708 1547 754 inde
1584 722 1613 753 a
1648 710 1778 752 Marii
1816 711 1955 771 igitur
1992 715 2036 753 et
2072 709 2229 774 Sullae
2265 713 2536 768 temporibus

415 798 664 841 irascuntur
693 798 773 841 Dii
800 798 1013 843 Romanis
1041 800 1159 843 inter
1187 813 1239 843 se
1269 798 1546 844 discordibus
1576 803 1622 842 et
1652 811 1742 842 rem
1774 798 1992 855 publicam
2022 798 2139 842 bello
2167 797 2536 854 lacerantibus.¹)

416 885 586 931 Eadem
617 887 813 931 Deorum
844 889 910 932 ira
940 889 985 932 in
1014 902 1106 932 rem
1137 889 1378 932 Romanam
1406 888 1575 947 legitur
1605 887 1770 932 Aunal.
1802 887 1884 942 lv,
1918 890 1963 931 1:
1996 887 2154 932 Sermo
2185 888 2243 931 ibi
2276 892 2346 931 est
2375 888 2429 934 de
2450 889 2533 934 Se·

410 978 518 1031 jano
550 977 755 1033 pessimo,
788 977 864 1036 qui
895 991 1009 1022 unus
1039 977 1207 1025 Tiberii
1239 979 1474 1022 amicitiam
1503 978 1588 1021 sibi
1620 978 1910 1036 comparavit,
1942 990 2028 1035 qua
2058 978 2224 1020 abusus
2254 983 2322 1020 est
2350 977 2406 1021 ad
2437 992 2532 1035 per-

416 1063 601 1108 dendum
639 1067 845 1122 optimum
883 1079 1123 1125 qnemque3
1161 1071 1392 1124 postquam
1430 1068 1641 1124 originem
1680 1071 1726 1111 et
1748 1068 2032 1123 Juventutem
2063 1067 2163 1120 ejus
2193 1064 2441 1123 descripsit,
2471 1069 2533 1113 ita

416 1134 602 1213 pergit:⁹
636 1154 773 1209 „Mox
804 1155 1026 1200 Tiberium
1060 1156 1199 1201 variis
1227 1156 1398 1201 artibus
1427 1155 1628 1200 devinxit
1657 1155 1791 1208 adeo,
1823 1161 1870 1199 ut
1899 1155 2131 1200 obscurum
2161 1153 2378 1200 adversus
2406 1156 2533 1212 alios,

416 1243 502 1287 sibi
541 1244 615 1288 uni
638 1244 858 1288 incautum
895 1245 1193 1301 intectumque
1231 1245 1453 1292 efficeret:
1493 1257 1579 1290 non
1610 1249 1696 1288 tam
1728 1243 1930 1289 sollertia
1961 1245 2148 1303 (quippe
2180 1242 2330 1289 iisdem
2363 1245 2533 1290 artibus

417 1331 563 1376 victus
600 1334 715 1386 est),
753 1345 880 1389 quam
922 1333 1082 1377 Deum
1121 1334 1202 1377 ira
1239 1333 1283 1376 in
1322 1345 1413 1378 rem
1443 1332 1700 1386 Romanam,
1729 1334 1858 1389 cujus
1889 1333 1984 1390 pari
2015 1332 2151 1376 exitio
2182 1333 2328 1389 viguit
2357 1332 2533 1379 cecidit·

417 1421 547 1475 que.“
605 1421 706 1464 Nou
743 1421 951 1465 sufficere
989 1423 1145 1466 Tacito
1182 1422 1360 1466 videtur
1397 1434 1571 1475 caussa,
1610 1433 1722 1476 quae
1762 1423 1807 1464 in
1838 1426 2034 1478 promptu
2066 1427 2162 1465 erat
2191 1426 2234 1464 et
2264 1422 2319 1464 ab
2348 1423 2449 1466 aliis
2478 1424 2534 1468 ad

416 1507 724 1552 declarandam
764 1509 876 1552 hauc
907 1509 1196 1554 calamitatem
1227 1510 1443 1555 adhibita,
1490 1509 1702 1566 SeJanum
1741 1510 1882 1552 fuisse
1912 1508 2285 1565 sollertissimum3
2335 1523 2433 1555 nam
2463 1525 2535 1557 ea·

419 1597 515 1640 dem
552 1598 752 1640 sollertia
789 1600 844 1641 ab
881 1600 985 1641 aliis
1015 1604 1086 1641 est
1113 1605 1348 1656 superatus
1379 1605 1423 1641 et
1454 1603 1608 1654 postea
1637 1599 1832 1652 potentia
1862 1610 1915 1641 ac
1945 1600 2038 1641 vita
2069 1599 2293 1654 privatus3
2324 1614 2535 1645 necessa·

418 1688 526 1729 rium
560 1688 601 1729 ei
639 1687 891 1739 videbatur,
931 1688 1059 1731 aliam
1099 1690 1141 1729 in
1173 1701 1376 1731 caussam
1406 1689 1629 1741 inquirere
1660 1690 1704 1728 et
1734 1687 1907 1729 invenit
1936 1699 2048 1734 eam,
2080 1699 2206 1741 quam
2232 1690 2323 1743 jam
2353 1692 2538 1746 saepius

419 1777 631 1818 maximas
686 1775 958 1820 calamitates
1016 1780 1091 1820 aut
1142 1776 1349 1820 effecisse
1401 1779 1476 1819 aut
1530 1773 1802 1818 commisisse
1851 1782 2289 1819 commemoraverat:
2340 1777 2539 1824 Deorum

418 1866 539 1908 iram.
586 1865 687 1906 Nisi
726 1864 803 1907 Dii
840 1865 1054 1908 Romanis
1091 1866 1413 1918 irascerentur,
1448 1878 1536 1908 non
1573 1864 1921 1918 commisissent,
1971 1868 2019 1907 ut
2057 1862 2255 1918 Sejanus
2290 1868 2457 1910 tantum
2491 1870 2537 1912 in

419 1953 643 1997 Tiberium
674 1951 848 1996 valeret
875 1957 1009 2010 atque
1038 1957 1192 1997 auctor
1221 1957 1362 2002 esset,
1400 1957 1447 1996 ut
1475 1953 1731 2008 imperator,
1770 1953 1844 2008 qui
1881 1950 1938 1996 ad
1974 1950 2018 1995 id
2055 1964 2195 2006 usque
2232 1951 2403 2009 tempus
2440 1954 2537 2001 fere

414 2047 581 2099 justum
617 2042 840 2097 imperium
879 2045 1210 2096 exercuerat,²)
1249 2047 1325 2085 aut
1359 2043 1457 2098 ipse
1494 2041 1674 2084 saevire
1708 2041 1928 2098 inciperet
1963 2045 2040 2084 aut
2075 2041 2384 2086 saevientibus
2413 2045 2536 2089 vires

421 2132 668 2188 praeberet.
728 2130 790 2173 Et
825 2132 956 2188 vigor
994 2137 1039 2175 et
1067 2143 1200 2174 casus
1229 2130 1389 2185 Sejaui
1418 2128 1573 2172 eadem
1600 2129 1824 2172 Romanos
1853 2129 2104 2172 calamitate
2141 2131 2310 2184 affecit3
2348 2144 2445 2175 nam
2483 2145 2537 2176 eo

437 2316 541 2323 -.-—-
563 2313 737 2321 —--—
751 2313 949 2319 -.-.-.-‹—--
962 2313 1020 2319 -ψ
1032 2313 1155 2320 ..ρ-η
1172 2311 1413 2318 -—.-...—-—-

1716 2386 1735 2414 s

425 2452 581 2502 Cicero,
620 2450 851 2501 pompejum
889 2457 1026 2491 contra
1062 2453 1274 2491 Caesarem
1312 2450 1599 2500 rempublicam
1625 2416 1901 2493 defendentem
1938 2452 1986 2489 ad
2022 2448 2153 2490 sidera
2188 2462 2318 2498 usque
2348 2450 2538 2494 laudibus

426 2526 607 2570 efferunt,
639 2516 764 2569 obliti,
797 2532 887 2558 eum
918 2532 995 2558 uon
1026 2519 1156 2558 minus
1186 2530 1304 2568 quam
1334 2520 1552 2562 Caesarem
1582 2531 1652 2568 pro
1683 2532 1758 2559 sua
1788 2522 1934 2557 tantum
1963 2522 2086 2569 parte,
2118 2529 2187 2566 pro
2219 2528 2295 2556 sua
2320 2515 2451 2568 ipsius
2472 2533 2536 2559 sa·

424 2591 507 2628 lute
536 2597 644 2627 arma
673 2583 848 2636 cepisse,
880 2596 956 2625 uon
983 2588 1283 2624 conservandae
1314 2586 1554 2637 reipublicae
1576 2598 1737 2635 caussa,
1771 2583 1889 2631 cujus
1910 2586 2148 2622 commodum
2167 2583 2332 2622 fortuito
2353 2596 2444 2623 cum
2464 2598 2539 2624 sua

423 2661 535 2702 parte
566 2653 829 2702 congruebat.
862 2651 1078 2699 Pompejus
1108 2664 1237 2700 aeque
1267 2664 1315 2690 ac
1337 2654 1488 2691 Caesar
1508 2660 1549 2691 et
1564 2652 1720 2692 Marius
1741 2659 1781 2690 et
1801 2654 1939 2690 Sulla
1960 2649 2289 2698 principatum
2310 2654 2538 2693 affectabat.

540 2734 588 2780 1)
619 2731 682 2768 De
712 2729 829 2767 bellis
861 2728 1052 2767 civilibus
1082 2734 1132 2767 fr.
1164 2733 1303 2770 Boral.
1335 2733 1397 2768 od.
1428 2733 1461 2768 1.
1494 2734 1534 2780 1,
1566 2743 1605 2768 v.
1639 2734 1661 2769 1
1694 2742 1802 2777 seqq.
1836 2735 1873 2765 et
1902 2727 2182 2766 Mitscherlich
2212 2731 2275 2768 od,
2306 2731 2346 2766 b.
2381 2731 2407 2767 l.

538 2806 585 2860 ²)
617 2804 747 2846 Tacit.
789 2807 863 2843 Au.
896 2808 968 2855 IV,
1008 2808 1055 2856 1,
1097 2804 1261 2856 Asinio,
1300 2806 1478 2846 Antistio
1508 2807 1624 2847 Coss.
1662 2819 1788 2845 nonus
1826 2802 1984 2843 'l'iberio
2022 2817 2150 2844 annus
2180 2810 2266 2843 erat
2295 2803 2542 2853 compositae

426 2874 523 2926 reip.
560 2870 739 2913 florentis
776 2872 915 2912 domus
953 2872 1065 2922 (nam
1104 2870 1333 2912 Germanici
1369 2877 1532 2914 mortem
1562 2871 1666 2913 inter
1694 2881 1879 2920 prospera
1908 2869 2112 2925 ducebat),
2145 2881 2235 2909 cum
2265 2876 2431 2921 repente
2460 2877 2541 2911 tur-

427 2945 521 2980 bare
559 2944 721 2979 fortuna
758 2939 911 2987 coepitx
950 2939 1111 2977 saevire
1146 2939 1237 2988 ipse
1271 2946 1341 2978 aut
1371 2940 1643 2980 saevientibus
1672 2938 1779 2975 vires
1808 2940 2011 2984 praebere.
2071 2940 2156 2976 Cl'r.
2197 2948 2234 2977 c.
2272 2940 2313 2977 6.
2352 2941 2541 2989 „quaudo

426 3002 587 3048 Tiberio
613 3004 754 3045 mutati
780 3004 824 3043 iu
852 3003 1029 3044 deterius
1060 3004 1306 3054 principatus
1334 3006 1489 3046 initium
1517 3005 1590 3044 ille
1618 3015 1746 3043 auuus
1776 3002 1953 3041 attuiit.“

2227 3070 2271 3111 3.
