2920 3576
1246 305 1372 312 ffl.

416 409 653 451 contemtis
696 408 902 451 sordidae
940 408 1244 462 superstitioni
1287 415 1332 449 et
1371 406 1627 450 libidinibus
1663 408 1751 449 sint
1790 405 1952 463 dediti3
1998 420 2110 467 ergo
2135 411 2242 464 jure·
2268 409 2453 464 quodam
2484 411 2551 451 sic

414 497 683 540 concludere
719 497 823 539 mihi
861 495 1038 540 videtur
1074 495 1273 551 Tacitus,
1312 507 1466 540 omnes
1502 496 1634 540 etiam
1671 497 1967 554 gravissimas
1997 510 2164 553 poenas
2194 495 2302 541 dant
2330 497 2387 540 ob
2407 496 2550 541 odium

418 586 602 641 generis
632 585 826 627 humani.

532 674 720 717 Praeter
759 673 962 716 Judaeos
994 695 1045 703 -·
1082 677 1208 725 (nam
1239 675 1285 715 in
1315 672 1609 716 recensendis
1641 672 1829 730 populis,
1862 673 2022 727 quibus
2053 673 2131 718 Dii
2162 675 2295 718 irasci
2327 672 2548 728 dicuntur,

417 762 621 818 pergam)
652 765 787 806 etiam
817 763 981 805 Batavi
1002 761 1199 805 Deorum
1230 764 1337 805 iram
1368 764 1545 818 experti
1565 768 1959 804 commemorantur
1973 762 2142 805 Histor.
2172 759 2232 816 V,
2251 764 2329 805 25:
2361 762 2549 816 „Tunc

417 850 671 895 infensos
707 851 942 896 Batavis
981 851 1132 895 Deos
1179 850 1364 907 (fuisse)
1403 864 1533 909 quum
1570 849 1882 894 obsiderentur
1918 850 2149 910 legiones,
2192 850 2549 896 interficerentur

418 939 587 997 legati,
625 941 789 985 bellum
828 942 904 985 uni
942 942 1362 986 necessarium“....
1423 940 1686 993 Calamitas,
1724 953 1854 997 quam
1884 942 2007 999 prius
2037 941 2216 996 Batavi,
2253 943 2549 985 Romanorum

411 1033 573 1088 jugum
611 1030 863 1085 demissuri,
914 1031 996 1076 sed
1033 1044 1115 1089 spe
1151 1044 1234 1074 sua
1270 1031 1373 1075 falsi
1413 1036 1459 1076 et
1493 1031 1549 1076 ad
1593 1029 1888 1075 obedientiam
1934 1030 2126 1087 redacti,
2174 1032 2380 1090 perpessi
2429 1036 2548 1085 sunt,

416 1118 614 1164 Deorum
644 1120 740 1163 irae
768 1119 1050 1174 adscribitur,
1079 1133 1168 1164 non
1198 1121 1492 1164 Romanorum
1523 1121 1760 1177 potentiae.

530 1207 696 1253 Annal.
728 1207 865 1262 XIII,
896 1211 966 1252 41.
1027 1208 1233 1261 Corbulo,
1266 1211 1562 1253 Romanorum
1593 1208 1705 1264 dux,
1744 1212 1966 1253 Artaxata
1994 1212 2038 1251 in
2066 1215 2328 1266 potestatem
2358 1209 2547 1266 accepit,

418 1297 535 1357 quod
579 1296 785 1356 oppidum
820 1298 931 1355 igne
970 1297 1159 1343 delevit:
1205 1300 1465 1354 „Adjicitur
1500 1299 1757 1342 miraculum
1796 1299 1920 1340 velut
1958 1300 2150 1342 Numine
2189 1299 2403 1354 oblatum,
2448 1311 2545 1340 nam

417 1392 578 1435 cuncta
607 1389 752 1441 extra,
778 1387 911 1430 tectis
938 1391 1086 1442 tenus,
1117 1387 1214 1434 sole
1243 1368 1456 1453 inlustria
1477 1390 1630 1445 fuere3
1661 1388 1775 1444 quod
1806 1389 2035 1432 moenibus
2066 1389 2354 1446 cingebatur,
2392 1389 2453 1431 ita
2479 1399 2545 1430 re·

417 1483 552 1535 pente
581 1483 680 1520 atra
709 1475 826 1518 nube
857 1479 1111 1532 coopertum
1155 1477 1497 1536 fulguribusque
1528 1476 1766 1520 discretum
1805 1483 1896 1533 est,
1935 1481 1981 1518 ut
2018 1478 2180 1532 quasi
2217 1476 2546 1519 infensanti-

419 1567 518 1612 bus
547 1563 758 1620 Deis,1)
789 1566 928 1608 exitio
958 1563 1074 1610 tradi
1104 1565 1407 1610 crederetur.“
1456 1564 1670 1609 Videmus
1702 1566 1783 1609 hoc
1814 1567 1859 1609 in
1890 1565 1987 1609 loco
2019 1564 2145 1609 Deos
2174 1577 2201 1608 a
2231 1564 2429 1620 partibus
2459 1564 2546 1608 Ro·

415 1668 637 1699 manorum
668 1658 791 1696 stare
822 1660 867 1696 et
897 1656 1104 1701 inimicos
1134 1666 1238 1697 esse
1269 1654 1473 1710 Parthis3
1517 1655 1784 1697 imminuitur·
1817 1665 1924 1698 vero
1955 1652 2031 1697 vel
2062 1654 2208 1711 potius
2238 1651 2460 1697 dubitatur
2491 1655 2546 1699 de

417 1745 500 1789 bae
530 1744 762 1787 inimicitia
791 1755 906 1786 voce
934 1743 1130 1798 „quasi“
1159 1742 1349 1798 adjecta.

533 1831 782 1887 Praecipue
811 1838 955 1875 autem
988 1832 1064 1876 Dii
1095 1832 1308 1875 Romanis
1338 1838 1442 1875 sunt
1471 1832 1634 1875 infensi
1665 1835 1711 1873 et
1740 1832 1868 1885 ἰωῆς
1893 1832 2020 1886 jacet
2049 1829 2175 1886 quasi
2205 1835 2340 1887 atque
2368 1833 2547 1878 incubat

415 1926 482 1967 ira
519 1921 717 1965 Deorum
748 1921 950 1964 Romano
979 1923 1178 1976 imperio,
1220 1923 1349 1975 cujus
1379 1921 1475 1962 irae
1506 1931 1814 1973 nonnunquam
1844 1917 2019 1973 quidem
2049 1930 2234 1961 caussas
2263 1921 2416 1976 refert,
2448 1934 2545 1966 sae·

416 2012 516 2066 pius
553 2020 663 2052 vero
693 2010 872 2053 reticet:
910 2009 1033 2054 facili
1069 2010 1253 2066 negotio
1292 2014 1437 2052 autem
1470 2009 1668 2065 suppleri
1698 2013 1846 2067 potest
1875 2008 2104 2065 cogitatio,
2137 2020 2281 2053 mores
2311 2012 2546 2068 pessimos,

416 2101 528 2145 vitia
563 2099 848 2155 turpissima,
895 2099 1072 2142 scelera
1110 2111 1239 2153 quum
1269 2111 1296 2140 a
1335 2099 1522 2154 privatis
1552 2102 1642 2144 tum
1672 2110 1700 2141 a
1730 2099 2003 2155 principibus
2035 2103 2206 2155 patrata
2236 2099 2373 2142 iratos
2403 2099 2544 2144 reddi·

414 2190 534 2232 disse
565 2188 705 2231 Deos.

529 2275 648 2319 Hist.
680 2272 745 2328 11,
774 2275 844 2318 38.
877 2272 1036 2318 Sermo
1067 2280 1137 2318 est
1163 2274 1218 2318 de
1251 2274 1367 2318 bello
1399 2274 1521 2316 civili
1552 2279 1670 2317 inter
1701 2271 1919 2316 Othonem
1951 2280 1996 2314 et
2027 2272 2269 2327 Vitellium,
2300 2276 2415 2328 quod
2437 2288 2542 2318 non-

415 2363 524 2408 nulli
562 2365 662 2407 sine
698 2374 851 2421 pugna
881 2374 1147 2419 componere
1176 2362 1341 2406 frustra
1371 2363 1655 2405 conabantur.
1716 2362 1855 2415 „Mox
1894 2374 1920 2404 e
1950 2361 2081 2418 plebe
2112 2362 2259 2405 infima
2290 2361 2341 2404 C.
2374 2363 2545 2406 Marius

417 2455 464 2495 et
497 2450 707 2495 nobilium
743 2451 1041 2496 saevissimus
1068 2451 1121 2496 L.
1155 2450 1286 2496 Sulla
1315 2453 1475 2498 victam
1507 2452 1643 2497 armis
1673 2451 1922 2496 libertatem
1951 2450 1996 2493 in
2028 2449 2365 2496 dominationem
2399 2458 2542 2497 verte·

416 2546 532 2584 runt.
592 2541 702 2585 Post
730 2554 842 2599 quos
874 2540 956 2585 Cn.
988 2540 1231 2599 PompeJus
1263 2541 1491 2597 occultior,
1523 2555 1611 2587 non
1642 2540 1858 2596 melior.¹)
1909 2539 1973 2586 Et
2002 2554 2224 2600 nunquam
2256 2548 2427 2599 postea,
2457 2545 2544 2587 nisi

530 2800 579 2846 1)
611 2799 789 2839 verbum
827 2796 1096 2836 infensare
1132 2798 1198 2837 hic
1230 2797 1390 2837 notione
1422 2796 1633 2837 transitiva
1664 2800 1765 2849 apud
1797 2796 1928 2840 solum
1953 2796 2137 2838 Tacitum
2158 2795 2244 2847 legi
2266 2801 2400 2837 notant
2421 2797 2541 2839 inter-

414 2869 563 2913 protes,
595 2870 637 2901 ut
669 2865 836 2915 Ruperti
869 2866 919 2902 ad
949 2866 988 2903 h.
1020 2866 1046 2900 Β
1076 2879 1113 2913 p.
1145 2868 1252 2911 6063
1284 2872 1347 2903 est
1379 2877 1446 2914 pro
1478 2865 1685 2906 infestare.

526 2943 577 2992 2)
611 2943 825 2981 Praeclare
857 2939 986 2992 aperit
1017 2941 1195 2990 Pompeii
1224 2943 1283 2982 M.
1316 2942 1508 2993 animum,
1559 2956 1675 2991 quem
1706 2941 1969 2980 occultiorem
2000 2938 2175 2989 quidem,
2227 2952 2343 2987 quam
2370 2943 2542 2983 Marium

414 3012 452 3042 et
483 3009 655 3058 Sullam,
699 3019 828 3056 neque
860 3018 957 3046 vero
988 3005 1191 3047 meliorem
1222 3007 1354 3047 fuisse
1392 3008 1501 3048 dicit.
1561 3008 1698 3049 Ceteri
1742 3012 1830 3046 fere
1869 3018 2005 3045 omnen
2044 3005 2282 3058 scriptores,
2328 3007 2542 3059 praecipue
