2920 3576
851 454 944 508 De
985 452 1201 508 favore
1243 458 1307 507 et
1346 451 1718 528 benignitate
1757 455 2040 513 Deorum.

499 604 673 650 Primus
694 602 835 660 locus,
864 604 940 660 qui
969 603 1054 650 hac
1083 603 1255 649 ratione
1282 603 1330 647 in
1359 614 1542 649 censum
1569 605 1832 652 referendus
1860 612 1945 665 est,
1977 608 2144 668 legitur
2174 608 2324 654 Germ.
2353 611 2413 666 5.,
2430 609 2505 655 ubi

385 695 570 739 Tacitus
593 692 726 749 hujus
740 697 887 737 terrae
915 692 1257 750 descriptionem
1287 693 1493 749 exhibet3
1523 705 1623 737 eam
1653 706 1757 738 esse
1784 695 1915 740 silvis
1944 702 1990 741 et
2019 696 2251 753 paludibus
2266 699 2503 755 horridam,

385 789 430 827 et
465 795 724 840 quamquam
756 782 990 840 frugiferis
1033 782 1264 826 arboribus
1301 781 1577 838 destitutam,
1613 784 1866 841 neutiquam
1901 790 2047 831 tamen
2078 798 2260 842 prorsus
2287 780 2502 842 sterilem,

384 872 645 928 praesertim
673 880 784 916 vero
813 869 1050 927 pecoribus
1078 869 1350 927 opulentam:
1377 867 1673 929 „Argentum
1702 876 1749 916 et
1776 873 1975 927 aurum‚“
2006 874 2171 933 pergIt,
2201 875 2411 930 „propitii
2441 887 2501 919 an

383 962 485 1005 irati
515 960 594 1005 Dii
620 958 905 1018 negaverint,
935 957 1130 1003 dubito.“
1187 958 1341 1004 Utrum
1370 972 1478 1004 auro
1507 964 1554 1005 et
1581 965 1786 1019 argento,
1818 974 1904 1018 quo
1933 961 2134 1006 destituti
2163 974 2269 1007 esse
2294 961 2501 1022 videntur

386 1048 652 1093 Germaniae
689 1050 876 1102 montes,
912 1058 941 1091 a
970 1048 1172 1105 propitiis
1199 1061 1258 1093 an
1285 1050 1412 1094 iratis
1440 1049 1559 1107 Diis,
1586 1051 1616 1094 i.
1647 1063 1687 1095 e.
1718 1049 1918 1094 Deorum
1947 1051 2103 1095 favore
2132 1063 2191 1094 an
2218 1052 2284 1093 ira
2321 1051 2499 1107 spoliati

382 1141 495 1194 sint,
531 1137 750 1181 affirmare
785 1148 876 1180 non
910 1134 1019 1181 vult.
1091 1137 1296 1195 Respicit
1338 1137 1554 1196 duplicem
1593 1139 1809 1196 pecuniae
1847 1152 1993 1196 usum,
2045 1139 2202 1184 bonum
2238 1143 2285 1184 et
2326 1139 2500 1186 malum.

383 1228 439 1273 Si
466 1226 522 1271 ad
553 1227 715 1271 victum
745 1223 1082 1282 comparandum
1110 1237 1209 1271 eam
1237 1225 1466 1285 adhibeas,
1495 1239 1642 1285 neque
1670 1239 1781 1272 vero
1809 1233 1975 1272 tantum
2007 1227 2257 1285 pmdeaQ
2287 1234 2497 1285 quantum

383 1317 569 1370 sufficit,
615 1314 764 1368 Deus,
809 1313 894 1358 hoc
936 1311 1049 1357 dono
1086 1314 1161 1369 qui
1199 1316 1246 1357 te
1281 1314 1514 1371 spoliavit,
1550 1317 1692 1360 iratus
1743 1328 1870 1371 esse,
1912 1321 1957 1360 te
1995 1317 2152 1373 punire
2187 1319 2235 1358 et
2269 1316 2497 1373 castigare

383 1407 582 1451 voluisse
619 1403 820 1460 videtur3
856 1404 928 1446 sin
964 1407 1110 1448 autem
1144 1403 1376 1459 avaritiae,
1416 1402 1638 1464 fraudum,
1674 1407 1722 1450 et
1753 1416 1871 1463 quae
1898 1408 2001 1449 sunt
2029 1401 2246 1461 ejusmodi
2276 1402 2495 1458 vitiorum,

383 1509 443 1540 ex
472 1494 605 1537 nimia
638 1496 714 1536 aut
743 1490 857 1536 male
886 1489 1083 1536 adhibita
1119 1492 1308 1548 pecunia
1345 1496 1534 1537 ortorum
1570 1493 1784 1537 rationem
1821 1491 2057 1548 habeas‚¹)
2096 1503 2195 1536 eum
2225 1490 2386 1545 Deum,
2421 1492 2498 1548 qui

383 1583 600 1641 pecuniae
629 1593 755 1626 usum
783 1579 863 1624 tibi
892 1578 1152 1639 denegavit,
1182 1580 1257 1638 qui
1285 1593 1313 1626 a
1340 1584 1406 1626 tot
1432 1578 1563 1626 malis
1590 1586 1638 1626 te
1665 1582 1896 1626 immunem
1925 1580 2142 1635 servavit,
2172 1579 2414 1637 benignum
2441 1590 2495 1622 ac

382 1671 645 1718 benevolum
689 1681 916 1729 agnoscas
958 1681 1150 1714 necesse
1195 1674 1277 1715 est.
1334 1670 1415 1714 Dii
1458 1681 1570 1727 ergo
1615 1670 1794 1728 propitii
1830 1674 1877 1714 te
1913 1670 1969 1713 ab
2006 1668 2090 1712 hoc
2126 1667 2337 1713 malorum
2367 1668 2493 1711 fonte

381 1763 612 1806 immunem
640 1762 889 1803 servarunt.

493 1847 653 1905 Neque
699 1845 755 1889 ab
798 1845 882 1889 hoc
924 1856 1062 1889 sensu
1104 1844 1314 1889 abhorret
1354 1845 1482 1888 locus
1516 1846 1564 1887 in
1599 1845 1755 1890 eodem
1792 1844 1849 1888 de
1887 1844 2035 1887 Germ.
2073 1843 2186 1886 libro
2222 1856 2261 1887 c.
2297 1844 2376 1896 ⁸3,
2422 1844 2495 1886 ubi

379 1936 693 1981 Bructerorum
746 1932 917 1976 cladem
960 1936 1134 1987 narrat,
1182 1943 1296 1988 quos
1338 1932 1440 1975 olim
1479 1934 1612 1988 juxta
1656 1934 1903 1979 Tencteros
1949 1933 2200 1985 habitasse,
2248 1936 2339 1973 tum
2383 1941 2493 1974 vero

381 2024 661 2094 Chamaqvos
708 2025 753 2065 et
801 2020 1101 2078 Angrivarios
1148 2020 1430 2078 immigrasse
1477 2021 1630 2064 refert.
1696 2019 1859 2067 Varias
1905 2020 2105 2066 annectit
2153 2029 2366 2072 caussae,
2415 2029 2494 2061 cur

379 2252 529 2294 utinam
564 2247 716 2290 Tiberii
750 2252 842 2288 loco
878 2247 1135 2296 imperasset!
1174 2248 1253 2285 An.
1291 2247 1364 2295 11„
1402 2244 1478 2288 ⁷³³
1509 2244 1654 2300 „Quod
1683 2241 1720 2280 si
1748 2242 1861 2285 solus
1891 2240 2038 2288 arbiter
2067 2249 2220 2292 rerum,
2249 2236 2293 2284 'si
2319 2237 2411 2293 jure
2448 2245 2490 2279 et

379 2317 535 2363 nomine
571 2313 687 2365 regio
720 2313 883 2366 fuisset,
921 2317 1029 2357 tanto
1066 2310 1285 2360 promptius
1321 2311 1605 2349 adsecuturum
1632 2305 1803 2360 gloriam
1832 2305 2008 2357 militiae,
2040 2309 2227 2355 quantum
2257 2307 2488 2360 clementia,

378 2380 652 2435 temperantia,
684 2380 830 2422 ceteris
859 2379 975 2420 bonis
1004 2379 1157 2427 artibus
1185 2375 1468 2433 praestitisset.
1470 2372 1499 2398 ‘⁶

489 2459 536 2516 3)
566 2461 615 2499 ln
643 2464 726 2499 tres
754 2457 915 2500 ordines
944 2456 1093 2507 redigit
1111 2453 1427 2497 Hoffmeisterus
1455 2464 1495 2502 p.
1525 2452 1745 2492 iss-191
1777 2448 1976 2500 homines,
2014 2461 2039 2488 a
2068 2446 2210 2490 'l'acito
2246 2448 2486 2502 descriptos,

379 2539 546 2579 quorum
579 2523 728 2576 primus
765 2536 835 2566 eos
865 2523 1133 2575 amplectitur,
1171 2520 1241 2570 qui
1268 2525 1313 2566 ut
1342 2518 1470 2559 virtus
1497 2517 1588 2569 ipsa
1615 2515 1643 2558 i.
1673 2529 1709 2557 e.
1740 2520 1785 2557 nt
1812 2516 2004 2565 Thrasea,
2033 2512 2340 2563 imperatoribus
2369 2516 2487 2566 quasi

378 2610 402 2639 e
438 2593 606 2647 regione
642 2594 737 2632 sunt
765 2588 963 2642 oppositi,
1003 2588 1045 2630 iu
1084 2588 1230 2641 quibus
1253 2586 1348 2637 jure
1377 2585 1497 2631 etiam
1524 2583 1707 2628 'l'aoitum
1736 2587 1932 2627 numerat,
1971 2582 2177 2626 secundus
2207 2581 2488 2629 complectitur

378 2675 473 2715 eos,
510 2659 578 2709 qui
612 2656 769 2706 quidem
807 2656 898 2696 boni
935 2666 1064 2702 neque
1094 2667 1192 2694 vero
1221 2665 1351 2702 aeque
1379 2652 1629 2701 pervicaces,
1661 2652 1731 2689 sed
1761 2647 2007 2697 mobilioreS,
2047 2648 2098 2686 ad
2125 2659 2191 2687 res
2221 2653 2261 2686 et
2289 2646 2485 2700 homines,

377 2729 560 2780 quibus
551 2721 796 2767 ‘circumdati
831 2726 945 2775 sunt,
985 2735 1031 2764 se
1068 2722 1387 2773 accommodant,
1424 2718 1493 2770 qui
1527 2714 1757 2765 modestiam
1794 2720 1834 2755 et
1861 2711 2170 2761 moderationem
2197 2718 2406 2765 exercent,
2442 2718 2488 2754 ut

378 2793 589 2849 Agricola,
620 2796 790 2845 Seneca,
821 2792 961 2844 Galba,
992 2787 1131 2840 Titus3
1160 2785 1308 2829 tertius
1334 2792 1523 2838 tyrannos
1552 2795 1765 2834 eorumque
1794 2793 1935 2822 servos
1965 2785 2005 2821 et
2035 2782 2263 2819 adulatores
2292 2779 2486 2821 continet.

490 2872 541 2924 1)
572 2869 741 2910 'l'acitus
779 2868 1063 2920 nist.1.‚8o
1090 2865 1300 2914 pecuniam
1328 2864 1621 2917 ‚,instrnmenta
1649 2860 1862 2904 vitiornm“
1892 2861 2077 2906 appellat.
2137 2857 2349 2904 Consentit
2384 2869 2485 2908 ergo

378 2951 499 2992 quum
513 2937 701 2979 alibitum
716 2937 818 2978 hac
807 2949 848 2977 m
858 2934 1036 2976 doctrina
1051 2946 1141 2975 cum
1150 2936 1321 2987 Seneca,
1337 2929 1407 2982 qui
1424 2936 1468 2973 ut
1483 2942 1620 2972 omues
1635 2925 1763 2972 Stoici
1769 2922 1994 2977 philosophi
2010 2921 2224 2974 pecuniam
2237 2922 2282 2968 iu
2297 2920 2484 2982 dataqu-

381 3022 471 3065 ροις
499 3009 680 3048 ducebat
730 3007 816 3045 cfr
847 3008 1027 3044 Senecam
1057 3015 1118 3055 ep.
1148 3001 1204 3042 94
1233 3000 1296 3054 (p.
1325 2999 1431 3051 343)
1462 2994 1700 3051 „pecuniam
1730 3006 1806 3041 nec
1835 2997 1980 3039 bonum
2009 3004 2087 3039 neo
2115 2995 2262 3107 malztm
2289 2992 2427 3035 esse.“
